3264 5076
1594 419 1686 492 35

473 655 767 714 moratur.
825 647 1205 712 Wieselerus¹
1252 645 1483 731 etipse
1509 645 1762 711 Veteris
1795 645 2195 711 Testamenti
2219 646 2425 711 locum
2459 666 2781 730 quaerens

471 769 536 833 in
577 766 766 834 Mieh.
805 769 907 850 IV,
935 768 973 829 8
1013 765 1262 848 incidit,
1308 771 1376 829 at
1413 785 1496 831 ne
1538 764 1803 830 minima
1833 746 2479 848 quidem'similitudo
2517 767 2785 833 interce-

469 887 562 953 dit
599 888 765 953 inter
804 887 1005 953 verba
1035 884 1290 951 Michae
1325 892 1389 955 et
1418 885 1782 952 Barnabae.
1865 886 2061 950 Recte
2102 884 2294 968 igitur
2326 885 2782 970 judicaverunt

471 1008 955 1086 Hilyenfelduffl,
1022 1007 1576 1083 Weizsaeclcerzcs3,
1641 1005 2032 1082 Muellerus-⁴,
2091 1005 2284 1071 etiam
2346 1005 2514 1072 haec
2575 1006 2778 1071 verba

469 1148 504 1193 e
550 1125 712 1193 libro
757 1124 1050 1191 Henochi
1096 1143 1244 1190 esse
1288 1122 1691 1210 desumpta5.
1807 1124 2078 1190 Accedit
2131 1123 2298 1209 quod
2351 1131 2613 1190 Clemens
2657 1130 2779 1189 Ro-

464 1267 678 1310 manus
736 1266 817 1311 ex
859 1245 1273 1311 Assumtione
1331 1244 1530 1310 Mosis
1590 1245 1856 1310 verbum
1914 1247 2113 1311 Mosis
2170 1248 2305 1323 (καὶ
2360 1241 2563 1310 πάλιν
2606 1245 2775 1330 λέγει

468 1386 554 1431 se.
603 1366 918 1450 Μωῦσῆς)
967 1360 1180 1429 affert:
1227 1359 1356 1448 ἐγώ
1404 1363 1479 1427 δέ
1520 1363 1647 1448 εἰμι
1691 1357 1876 1448 α’τμὶς
1921 1358 2053 1430 α’πὸ
2097 1362 2413 1451 κύθραςθ,
2460 1371 2525 1429 et
2559 1371 2777 1428 Pastor

463 1491 752 1561 Hermae,
801 1503 1187 1569 quamquam
1241 1483 1387 1569 ipse
1429 1483 1795 1549 vaticinans
1848 1484 2227 1568 parcissime
2276 1485 2506 1550 Vetere
2553 1487 2780 1550 Testa·
2867 1524 2872 1531 ·

464 1611 675 1670 mento
720 1603 941 1686 utitur,
995 1602 1402 1689 prophetiam
1457 1606 1677 1668 tamen
1728 1603 2011 1670 Heldadi
2069 1611 2132 1671 et
2184 1603 2448 1671 Modadi
2477 1626 2778 1696 ⁸comme-

468 1725 726 1789 morat.⁷
835 1721 1022 1788 Unde
1070 1728 1368 1810 apparet,
1424 1722 1768 1788 ecelesiam
1820 1724 2220 1809 primaevam
2266 1746 2395 1790 non
2439 1746 2777 1792 recusasse

465 1844 661 1910 libros
726 1842 1043 1909 latissimo
1107 1862 1299 1908 sensu
1363 1842 1770 1930 apocryphos
1825 1852 2146 1928 tamquam
2200 1843 2419 1910 divino
2473 1844 2778 1910 instinctu

467 1963 862 2049 conscriptos
922 1981 1276 2047 agnoscere
1335 1970 1400 2029 et
1457 1964 1525 2028 in
1576 1984 1762 2029 usum
1813 1984 1995 2030 suum
2042 1964 2346 2030 conferre.
2438 1962 2569 2030 Sed
2621 1962 2773 2033 inde

465 2081 751 2150 concludi
793 2082 1041 2166 nequit,
1088 2082 1363 2149 eundem
1393 2082 1704 2150 honorem
1732 2085 1810 2150 iis
1840 2084 2038 2170 libris,
2069 2103 2227 2169 quos
2257 2084 2467 2151 versio
2493 2085 2773 2150 Alexan-

465 2201 647 2267 drina
700 2201 1028 2287 scripturis
1087 2203 1414 2269 canonicis
1477 2204 1789 2288 annectit,
1843 2204 2141 2269 tributum
2198 2221 2367 2269 esse.
2462 2206 2627 2270 Nam
2684 2205 2779 2270 illi

461 2321 603 2388 libri
657 2319 1039 2408 prophetica
1083 2342 1203 2387 sua
1259 2321 1510 2406 indole,
1565 2344 1746 2407 quae„
1792 2323 1889 2389 his
1942 2322 2153 2406 deest,
2211 2329 2457 2390 tantam
2512 2325 2776 2392 auctori-

461 2446 657 2507 tatem
698 2439 875 2506 nacti
918 2447 1083 2508 sunt.

580 2657 620 2738 ⁴1
666 2697 729 2752 L.
767 2712 812 2752 c.

601 2809 627 2850 ²
670 2808 880 2863 Novum
917 2807 1321 2862 Testamentum
1358 2814 1513 2864 extra
1546 2826 1805 2864 canonem
1843 2816 2137 2881 receptum.
2181 2811 2251 2879 11,
2288 2827 2340 2880 p.
2370 2814 2449 2865 Π.

596 2920 621 2962 3
667 2922 779 2974 Zur
804 2920 982 2973 Kritik
1006 2925 1097 2974 des
1120 2922 1594 2989 Bamzabasbriefes
1618 2941 1715 2976 aus
1740 2927 1850 2977 dem
1883 2923 2049 2978 Codex
2084 2925 2387 2977 Sinaiticus.
2438 2924 2583 2976 1863.
2615 2922 2766 2990 p.2‹5.

596 3032 619 3072 ⁴
666 3031 728 3085 L.
757 3046 800 3085 e.
837 3047 890 3100 p.
913 3032 1028 3086 326.

597 3146 622 3184 ⁵
670 3141 921 3210 Legimus
955 3140 1032 3195 ibi
1080 3149 1146 3201 (e.
1172 3141 1477 3208 LXXXIX)
1513 3142 1715 3197 haecce
1750 3143 1942 3211 verba,
1997 3160 2135 3213 quae
2168 3143 2412 3198 versione
2447 3145 2774 3200 Dillman-

463 3230 668 3282 ηἰαηα
705 3234 919 3282 utentes
946 3227 1287 3297 apponimus:
1326 3230 1447 3294 „54
1488 3228 1610 3283 Und
1644 3231 1726 3283 ich
1763 3232 1859 3284 sah
1896 3234 1995 3284 den
2022 3231 2197 3287 Herrn
2233 3235 2327 3285 der
2351 3230 2561 3301 Solense,
2596 3233 2685 3284 wie
2720 3249 2774 3284 er

459 3316 579 3367 niele
623 3314 973 3384 Niederlaqen
1021 3316 1146 3368 iiber
1180 3316 1256 3367 sie
1292 3315 1517 3368 brachie.
1587 3297 1702 3367 55.‘
1727 3315 1849 3369 Uml
1893 3334 1948 3368 er
1982 3317 2227 3369 aberziess
2274 3319 2350 3369 sie
2386 3318 2442 3370 in
2478 3321 2570 3370 der
2609 3316 2773 3371 Ham!

461 3403 549 3453 des
585 3401 788 3454 Lo‘wen.
859 3402 942 3451 56.
1003 3399 1125 3455 Una
1170 3400 1254 3452 ich
1300 3402 1422 3463 sah,
1467 3403 1593 3454 class
1639 3419 1694 3455 er
1729 3402 1880 3473 jenes
1915 3404 1999 3454 ihr
2036 3402 2191 3454 Hans
2236 3406 2344 3456 und
2392 3404 2538 3455 ihren
2577 3404 2774 3457 Thur-m

459 3487 679 3550 verliess,
715 3487 827 3539 und
860 3487 935 3539 sie
969 3487 1071 3538 alle
1106 3488 1161 3539 in
1200 3489 1283 3539 (lie
1310 3486 1474 3539 Hand
1511 3489 1600 3539 cles
1636 3488 1826 3541 Lo'wen
1860 3489 1979 3556 qul),
2012 3505 2097 3539 um
2133 3490 2208 3541 sie
2239 3506 2301 3541 zu
2335 3491 2629 3552 zemeissem
2666 3493 2776 3543 und

457 3588 518 3623 zu
530 3570 765 3639 sussen,
799 3572 856 3624 in
892 3572 974 3624 die
1002 3569 1166 3624 Hand
1200 3572 1332 3624 aller
1366 3573 1552 3624 wilden
1589 3573 1788 3626 Thiere.
1852 3576 1932 3626 67.
1982 3572 2104 3627 Und
2138 3576 2214 3628 sie
2250 3574 2586 3627 verbrannten
2609 3576 2772 3645 jenen

467 3656 656 3711 sturm
690 3660 801 3711 und
834 3665 1138 3710 zerstreuten
1161 3658 1312 3727 jem-3
1349 3657 1556 3714 Haus.“

592 3768 617 3809 ε
661 3765 685 3819 1
717 3767 830 3822 cor.
857 3765 1029 3830 xvn,
1064 3784 1116 3835 p.
1144 3767 1209 3820 st
1247 3765 1354 3831 (ed.
1380 3765 1503 3821 Hes.
1541 3784 1594 3836 p.
1624 3767 1690 3820 78
1728 3766 1810 3832 ed„
1838 3766 2001 3837 Hilgf.
2029 3769 2074 3837 1,
2110 3785 2161 3837 p.
2188 3771 2292 3834 23).

587 3879 610 3918 ⁷
668 3879 771 3932 Vis.
797 3877 867 3943 II,
902 3880 952 3944 4,
994 3877 1078 3933 ed.
1105 3859 1266 3947 Hilgf.
1295 3877 1392 3943 ΙΙΙ,
1429 3896 1483 3947 p.
1513 3880 1603 3931 ll:
1644 3874 1848 3949 Ἐγγύς
1881 3876 2073 3949 κύριος
2098 3886 2212 3939 τοῖς
2239 3876 2762 3952 ἐπιστρεφομένοις,

459 3959 528 4020 ὥς
560 3962 871 4035 γέγραπται
899 3959 961 4016 ἐν
984 3966 1058 4038 τῷ
1094 3959 1305 4017 Ἐλδῖιδ
1336 3964 1435 4017 καὶ
1471 3959 1707 4029 Μωδᾶτ,
1746 3969 1861 4023 τοῖς
1899 3962 2361 4036 προφητεύωσιν
2392 3962 2456 4019 ἐν
2477 3968 2548 4041 τῇ
2587 3962 2771 4041 ἐρήμῳ

456 4050 528 4121 τῷ
565 4049 696 4122 λαῷ.
