3264 5076
1468 421 1554 497 75

335 658 614 739 recepta
641 652 846 719 fuerit.
921 651 1129 719 Hodie
1157 672 1409 735 quoque
1437 650 1663 716 decem
1712 646 1968 715 eodiees
2004 646 2095 724 εἰς
2126 640 2210 712 ὃν
2237 645 2669 730 ἐξεκέντησαν

343 774 606 857 legunt,
664 772 774 837 alii
833 771 997 837 haee
1051 772 1250 838 verba
1305 772 1409 838 vel
1457 770 1677 835 onmia
1718 769 1824 835 vel
1873 788 1956 834 ex
1999 772 2183 853 parte
2232 766 2484 850 vulgari
2529 784 2667 831 ver·

346 893 556 958 sionis
616 890 1102 957 Alexandrinae
1159 891 1363 956 textui
1428 903 1722 968 assuunt,
1788 890 1855 953 in
1914 908 2042 952 uno
2105 885 2385 968 denique
2444 884 2666 951 codiee

350 1011 523 1078 haee
569 1017 783 1077 textus
828 1010 1034 1077 forma
1075 1011 1425 1077 invenitur:
1475 1003 1758 1093 ὄψονται
1800 1003 1968 1091 ,πρός
2008 999 2111 1090 με,
2168 1004 2259 1081 εἰς
2303 999 2386 1069 ὃν
2430 1003 2674 1085 ἐξεκέν-

353 1133 611 1218 -τησανΙ
694 1131 799 1195 At
843 1130 1270 1213 antiquissimi
1316 1128 1598 1214 codices,
1651 1129 1826 1195 velut
1869 1126 2248 1209 Vaticanus,
2296 1121 2674 1190 Alexandri-

348 1271 500 1329 nus,
571 1250 917 1315 Sinaitieus
984 1249 1229 1317 habent
1282 1245 1796 1334 κατωρχήσαντο
1865 1245 2073 1342 (ῚἾΡἾ
2116 1268 2257 1333 pro
2326 1246 2539 1343 Ἶ-ιΡ-ῐ)
2611 1253 2675 1313 et

353 1369 579 1437 decem
628 1370 721 1434 illi
775 1368 1031 1453 eodiees
1087 1389 1227 1433 eum
1285 1368 1516 1434 ceteris
1571 1368 1806 1433 nullius
1861 1375 2011 1434 sunt
2062 1368 2398 1452 momenti,
2452 1374 2673 1453 utpote

357 1511 437 1556 ex
490 1491 635 1575 ipso
701 1494 881 1554 textu
941 1489 1236 1554 Joanneo
1301 1489 1568 1553 correcti
1620 1489 1758 1554 sive
1822 1488 2209 1573 interpolati.
2278 1525 2361 1535 -—
2426 1489 2675 1573 Majore

357 1611 551 1676 etiam
609 1609 989 1674 auctoritate
1047 1613 1147 1673 est
1200 1608 1379 1672 loeus
1433 1606 1546 1672 ille
1602 1607 1995 1673 clarissimus
2054 1607 2135 1673 de
2183 1608 2676 1692 regeneratione

358 1750 496 1795 eum
537 1730 860 1813 baptismo
925 1727 1267 1811 conjuncta
1312 1734 1480 1806 Apol.
1505 1728 1552 1812 I,
1585 1732 1687 1811 61,
1727 1750 1789 1812 p.
1824 1730 1976 1792 258:
2034 1730 2171 1794 καὶ
2224 1724 2367 1814 γὰρ
2412 1722 2450 1792 ὁ
2496 1732 2678 1812 Χρι-

362 1847 549 1926 στὸς
592 1845 845 1914 εἶπεν·
926 1840 1063 1912 ’Ὰν
1122 1842 1219 1932 μὴ
1276 1838 1900 1933 α’ναγεννηθῆτε,
1969 1840 2061 1912 ου’
2110 1843 2206 1932 μὴ
2265 1847 2681 1934 εἱςέλθητε

362 1968 471 2046 εἰς
512 1965 654 2047 'riv
693 1967 1110 2048 βασιλείαν
1153 1967 1314 2030 τῶν
1360 1958 1744 2052 οὐρανῶν.
1808 1960 1964 2032 Ὅτι
2010 1966 2090 2032 δὲ
2130 1960 2527 2032 α’δύνατον
2569 1967 2683 2043 εἰς

361 2084 485 2164 τὰς
556 2083 857 2173 μήτρας
919 2087 1077 2151 τῶν
1145 2086 1558 2150 τεκουσοῖν
1616 2081 1803 2161 τοὺς
1864 2078 2065 2168 ἅπαξ
2124 2086 2681 2171 γεννωμένους

365 2206 718 2293 ἐμβῆναι,
778 2201 1129 2291 φανερὸν
1169 2205 1405 2270 πᾶσίν
1461 2202 1694 2269 ἐστιν.
1792 2205 2112 2295 Justinum
2172 2205 2271 2271 his
2326 2206 2541 2271 verbis
2596 2204 2682 2269 ad

362 2327 549 2391 Joan.
574 2328 685 2410 III,
714 2327 880 2388 3-5
926 2331 1224 2409 speetare
1272 2321 1540 2388 concedi
1587 2329 1867 2409 oportet,
1923 2345 2313 2408 quamquam
2360 2322 2484 2391 hoe
2530 2345 2680 2408 quo—

368 2465 490 2528 que
538 2450 983 2529 argumentum
1028 2444 1224 2509 inane
1268 2443 1540 2509 reddere
1599 2441 1859 2527 quidam
1907 2443 2219 2510 audacter
2262 2444 2473 2510 eonati
2521 2451 2687 2528 sunt,

372 2566 700 2631 enuntiato
745 2565 859 2631 illo
903 2567 1082 2648 Jesu,
1130 2564 1299 2647 quod
1334 2538 1560 2630 Mat'th.
1586 2565 1820 2647 XVIII,
1854 2566 1891 2627 3
1923 2565 2261 2651 invenitur,
2303 2585 2441 2630 eum
2472 2564 2689 2632 verbis

373 2686 606 2751 Justini
638 2685 930 2750 eollat0.2
969 2682 1056 2747 At
1075 2699 1299 2749 Vocem
1320 2685 1614 2764 βασιλεία
1643 2686 1783 2748 τῶν
1816 2677 2123 2767 οὐρανῶν
2145 2704 2291 2751 esse
2321 2684 2363 2749 J
2367 2704 2689 2750 oanneam

371 2805 593 2887 negari
637 2824 766 2869 non
811 2809 1053 2889 potest,
1109 2824 1192 2869 ex
1248 2823 1372 2886 quo
1430 2823 1574 2869 eam
1622 2804 1813 2868 Joan.
1849 2804 2031 2887 111‚5
2082 2804 2497 2888 originariam
2545 2824 2694 2871 esse

379 2922 597 2989 codiee
661 2923 973 2989 Sinaitieo
1047 2930 1111 2988 et
1182 2923 1326 2988 aliis
1391 2924 1663 2991 testibus
1731 2922 2188 3005 antiquissimis
2254 2924 2689 2988 confirmatum

381 3050 497 3107 est.
588 3043 862 3107 Etiamsi
915 3063 1070 3109 vero
1124 3042 1212 3107 ibi
1263 3064 1392 3108 non
1452 3048 1768 3126 exstaret,
1837 3061 1919 3107 ex
1966 3043 2308 3124 evangelio
2374 3042 2688 3109 Matthaei

374 3163 623 3228 Justino
665 3169 839 3229 certo
878 3162 1212 3227 familiaris
1245 3170 1401 3228 erat.
1487 3162 1673 3240 Quod
1701 3182 1855 3228 vero
1886 3162 2243 3227 ultimorum
2271 3183 2523 3247 quoque
2553 3184 2691 3230 ver-

383 3283 599 3347 borum
647 3275 779 3366 (ὅτι
823 3281 894 3346 δὲ
937 3283 1049 3346 καὶ
1092 3274 1421 3346 α’δύνατον
1455 3279 1622 3367 κτλ.)
1654 3288 1875 3347 auetor
1921 3301 1963 3345 a
1989 3282 2245 3347 ‚Iustino
2276 3304 2408 3350 non
2447 3282 2692 3349 diserte

379 3402 756 3486 nominatur,
793 3403 978 3467 nobis
1011 3422 1142 3466 non
1181 3401 1560 3465 eontrarium
1596 3406 1716 3485 est,
1763 3422 1958 3484 quum
1989 3423 2118 3467 non
2153 3403 2276 3466 nisi
2315 3423 2351 3468 e
2389 3404 2689 3469 Joanneo

376 3520 485 3584 illo
542 3500 731 3586 Jesu
774 3541 911 3585 eum
973 3518 1328 3587 Nicodemo
1406 3520 1722 3603 colloquio
1783 3520 2202 3605 intelligatur,
2267 3520 2422 3604 quid
2478 3522 2698 3588 valeat

385 3659 632 3723 quoque
689 3638 914 3704 tendat
958 3637 1290 3705 meditatio
1334 3639 1450 3703 illa
1493 3645 1625 3703 tam
1674 3640 1940 3722 abrupte
1973 3641 2318 3708 enuntiato
2365 3640 2609 3707 Christi
2655 3662 2697 3706 a

387 3759 634 3825 Justino
693 3758 969 3825 addita.3
1060 3756 1241 3824 Idem
1300 3757 1721 3837 enuntiatum,
1747 3756 1987 3823 Christi
2040 3760 2238 3825 etiam
2292 3761 2359 3825 in
2402 3761 2693 3827 Clemen-

524 3948 542 3985 1
602 3944 708 4001 Cfr.
753 3946 1151 4010 Credam-um,
1187 3948 1432 4016 Beitrdye
1466 3945 1545 4011 ΙΙ,
1585 3962 1637 4014 p.
1666 3949 1780 4001 296.
1859 3946 2398 4018 Hilyenseldum,
2439 3948 2700 4003 Kritische

405 4029 858 4101 Untersuchunyen
895 4037 995 4085 etc,
1056 4048 1108 4098 p.
1133 4034 1217 4084 49.

528 4117 552 4156 2
606 4115 714 4171 Cfr.
756 4117 1169 4179 Crednerum,
1214 4115 1468 4184 Beitriige
1506 4116 1555 4183 Ι,
1594 4133 1647 4185 p.
1674 4120 1790 4172 ⁶252.
1862 4120 2354 4188 Schweylerum,
2389 4121 2509 4173 Das
2541 4122 2702 4174 nach-

399 4205 725 4267 apostolische
750 4204 1011 4255 Zeitalter.
1053 4203 1198 4255 1846.
1231 4201 1273 4268 1,
1298 4203 1655 4269 p.218—220.
1707 4204 1791 4257 Hi
1802 4206 1940 4274 lyon
1938 4204 2102 4271 feld
2113 4224 2203 4258 um
2242 4204 2275 4258 l.
2302 4220 2345 4258 e.
2382 4220 2433 4272 p.
2460 4207 2561 4256 215
2587 4219 2703 4271 sqq.

395 4285 826 4342 Schultenium
861 4287 895 4341 l.
923 4302 967 4340 e.
1003 4302 1055 4354 p.
1083 4287 1148 4339 33
1181 4301 1295 4354 sqq.

525 4372 549 4413 3
594 4372 699 4428 Cfr.
745 4373 1167 4426 Semiscln'um
1210 4372 1244 4426 l.
1282 4387 1328 4424 c.
1372 4388 1426 4440 p.
1457 4374 1762 4427 189—200.
1831 4374 2260 4429 Luthardtum
2299 4374 2339 4429 l.
2374 4390 2421 4428 c.
2469 4390 2522 4442 p.
2557 4376 2702 4427 93-
