3264 5076
1460 385 1690 487 “⁴24-

619 610 727 679 11.
758 698 770 709 .
807 608 910 693 Ajd
957 612 1226 677 alteram
1261 611 1508 678 exordii
1541 613 2021 694 quaestionem:
2080 612 2227 696 Quid
2264 612 2341 679 de
2378 611 2772 696 inspiratione

450 732 728 799 librorum
781 730 1012 799 veteris
1055 731 1424 800 Testamenti
1465 733 1748 800 Dominus
1798 729 2003 798 noster
2050 729 2112 796 ei
2151 732 2410 813 apostoli
2462 729 2597 812 ejus
2636 748 2771 799 sen-

446 849 666 931 serint,
724 847 1186 932 aggredientes
1245 850 1475 916 breves
1532 871 1726 934 quam
1776 848 1953 932 longi
2009 869 2156 914 esse
2212 851 2560 932 malumus,
2619 850 2768 933 quia

449 990 580 1034 non
625 970 888 1033 multum
937 970 1093 1035 certi
1130 968 1254 1035 hac
1294 968 1375 1034 de
1404 989 1473 1035 re
1505 967 1991 1055 proponendum
2019 968 2355 1036 habemus.
2429 970 2488 1034 A
2524 972 2770 1038 Domino

447 1090 582 1157 lesu
639 1088 874 1157 chrisio
929 1089 1176 1154 initium
1241 1089 1573 1154 faciamus.
1681 1089 1839 1172 Ejus
1903 1090 2227 1155 orationes
2285 1091 2354 1155 in
2408 1090 2768 1172 evangeliis

446 1207 725 1273 traditae
763 1206 1229 1293 demonstrant,
1277 1208 1500 1291 quanti
1544 1208 1605 1274 ei
1648 1208 1980 1292 Scriptura
2022 1209 2295 1275 valuerit
2341 1216 2407 1276 et
2449 1206 2769 1293 quomodo

448 1329 592 1412 ipse
649 1347 732 1393 ea
785 1327 1126 1394 innutritus
1192 1328 1428 1404 fuerit.¹
1547 1328 1762 1394 Etiam
1815 1327 2014 1392 libros
2084 1328 2492 1416 apocryphos
2547 1330 2768 1397 Jesum

454 1449 652 1513 citare
707 1447 941 1513 dictum
1002 1454 1120 1513 est.
1218 1447 1403 1526 Quod
1459 1447 1515 1513 si
1571 1469 1792 1515 verum
1851 1455 2050 1534 esset,
2106 1456 2325 1515 tamen
2378 1469 2508 1514 non
2560 1449 2771 1533 magis

450 1573 623 1632 esset
667 1566 895 1632 mirum
949 1587 1140 1651 quam
1186 1564 1284 1652 id,
1337 1567 1507 1649 quod
1550 1569 1869 1634 Dominus
1927 1566 2244 1635 interdum
2292 1567 2635 1653 proverbia
2668 1568 2772 1651 ju-

452 1685 642 1752 daica
703 1687 812 1752 vel
875 1686 1284 1751 rabbinorum
1352 1688 1685 1753 enuntiata
1752 1687 2036 1754 adhibet.
2155 1688 2544 1755 Solemniter
2614 1708 2768 1754 vero

450 1806 673 1872 Jesum
731 1824 812 1870 ex
866 1804 1254 1890 apocryphis
1318 1806 1497 1871 libris
1553 1814 1880 1890 tamquam
1937 1828 1973 1873 e
2019 1806 2275 1891 scriptis
2331 1807 2534 1872 sacris
2587 1812 2766 1873 Joan.

451 1927 591 2008 VII,
615 1928 697 1989 38
730 1932 794 1991 et
816 1926 1186 2008 Luc.X1,49
1218 1924 1541 2008 quaedam
1575 1927 1806 1993 afferre
1832 1947 2153 2010 nunquam
2178 1925 2337 1991 satis
2367 1927 2629 2010 probari
2659 1948 2770 2012 po·

453 2046 656 2111 terit.²
734 2044 878 2111 'Sed
909 2044 1030 2110 hoc
1064 2065 1100 2111 e
1134 2050 1277 2109 Luc.
1307 2047 1418 2131 XI,
1451 2050 1531 2109 49
1561 2067 1702 2131 sqq.
1750 2046 2186 2130 consequitur,
2231 2047 2456 2111 Jesum
2488 2045 2763 2112 eundem

454 2185 644 2248 quem
688 2185 807 2229 nos
852 2165 1106 2232 Veteris
1153 2167 1558 2231 Testamenti
1603 2186 1916 2233 canonem
1953 2165 2248 2250 novisse3
2293 2186 2445 2229 nam
2476 2165 2770 2232 hocloco

455 2285 718 2370 respicit
774 2283 859 2349 ad
911 2285 1184 2370 primum
1240 2292 1305 2350 et
1359 2285 1443 2351 ad
1504 2285 1793 2352 ultimum
1848 2287 2117 2351 canonis
2170 2285 2429 2371 librum,
2485 2286 2773 2352 Genesin

456 2411 521 2470 et
565 2406 834 2469 alterum
881 2404 1334 2470 Chronicorum
1389 2405 1647 2483 librum,
1707 2406 1773 2470 in
1828 2426 1952 2490 quo
2013 2406 2184 2490 (cap.
2217 2405 2453 2488 XXIV,
2487 2408 2569 2468 20
2602 2403 2772 2490 sqq.)

457 2524 828 2611 martyrium
877 2524 1254 2611 Sacharjae,
1298 2523 1411 2590 filii
1450 2524 1755 2609 Jojadae,
1802 2532 2114 2592 narratur.

627 2646 697 2712 Si
753 2646 895 2728 quis
952 2646 1288 2729 objecerit,
1344 2645 1567 2710 Jesum
1623 2644 2015 2729 Scripturam
2059 2648 2312 2713 Veteris
2369 2645 2773 2711 Testamenti

459 2763 900 2830 tantummodo
966 2771 1313 2850 propterea
1384 2764 1547 2829 tanti
1611 2763 1875 2849 fecisse,
1940 2767 2092 2847 quia
2147 2765 2596 2832 documentum
2666 2765 2770 2830 vel

456 2891 932 2951 monumentum
983 2884 1402 2951 revelationis
1459 2884 1572 2967 sit,
1635 2884 1894 2950 minime
1937 2906 2094 2952 vero
2151 2886 2305 2969 quia
2357 2887 2440 2952 ab
2486 2884 2774 2950 efficacia

458 3005 733 3090 Spiritus
765 3004 972 3069 sancti
1019 3024 1160 3071 eam
1202 3003 1590 3089 repetierit³‚
1620 3005 2114 3088 interrogamus,
2148 3004 2466 3089 quomodo
2494 3004 2632 3070 fieri
2663 3025 2772 3088 po-

452 3125 672 3209 tuerit,
729 3130 798 3189 ut
849 3125 1128 3210 apostoli
1187 3125 1326 3208 ejus
1372 3143 1500 3189 uno
1555 3144 1667 3189 ore
1712 3125 1963 3190 Veteris
2010 3125 2413 3194 Testamenti
2458 3124 2771 3208 originem

455 3242 743 3316 divinam,
771 3241 1065 3311 doceant.
1138 3245 1475 3327 Regeritur
1505 3245 1783 3328 quidem,
1816 3246 2041 3311 Jesum
2071 3250 2247 3309 Joan.
2268 3244 2344 3330 V,
2376 3248 2457 3308 39
2484 3244 2770 3311 Judaeos

459 3364 844 3448 vituperare,
890 3364 1064 3447 quod
1094 3364 1490 3449 Scripturam
1534 3369 1603 3427 ut
1649 3363 2020 3430 thesaurum
2066 3365 2466 3431 auctoritatis
2512 3362 2771 3430 divinae

458 3489 965 3568 perscrutentur3
987 3485 1012 3524 ⁴
1087 3483 1206 3549 sed
1232 3484 1425 3549 ‘falsa
1481 3490 1583 3550 est
1643 3482 1812 3551 haec
1865 3484 2331 3569 interpretatio.
2435 3484 2774 3568 Vituperat

411 3689 418 3695 1
457 3604 627 3669 enim
672 3604 714 3668 J
718 3622 864 3668 esus
909 3603 1041 3670 illic
1085 3624 1232 3671 eam
1276 3609 1523 3670 tantum
1555 3604 1925 3689 scripturae
1970 3609 2560 3690 perscrutationem,
2606 3622 2774 3686 quae

453 3725 652 3791 vitam
696 3725 895 3808 illam,
943 3725 1042 3791 cui
1087 3725 1416 3810 Scriptura
1461 3743 1502 3789 a
1546 3726 1689 3789 Deo
1732 3724 2022 3808 profecta
2051 3724 2303 3789 nonnisi
2334 3722 2771 3790 testimonium

593 4000 611 4039 1
672 3997 780 4053 Cfr.
817 3999 1014 4054 Lechl
1026 4016 1217 4063 erum,
1260 3999 1380 4052 Das
1421 3999 1524 4051 alte
1579 3998 1870 4051 Testament
1911 4000 1966 4052 in
2015 4000 2112 4050 den
2159 3997 2337 4050 Reden
2382 3996 2527 4048 Jesu.
2608 3995 2770 4048 Theo·

457 4085 682 4154 loqische
715 4086 933 4139 Studien
965 4088 1077 4138 und
1113 4084 1367 4138 Kritiken.
1421 4084 1569 4136 1854.
1618 4081 1710 4138 IV.

592 4171 616 4209 2
662 4168 768 4224 Cfr.
804 4170 1087 4224 Eundem
1120 4170 1154 4224 l.
1183 4185 1225 4223 e.
1263 4185 1316 4237 p.
1345 4169 1631 4221 788—790.

589 4256 614 4296 3
660 4254 769 4311 Cfr.
805 4257 1127 4321 Rothium,
1163 4257 1276 4309 Zur
1311 4255 1607 4324 Doymatilc.
1666 4252 1748 4307 ed.
1778 4254 1847 4309 11.
1887 4269 1938 4321 p.
1970 4256 2083 4307 176.

591 4341 617 4381 ⁴
662 4340 768 4395 Cfr.
805 4343 1091 4400 Eundem
1125 4341 1160 4394 l.
1189 4356 1233 4395 e.
1269 4358 1322 4409 p.
1350 4343 1463 4393 177.
