3264 5076
1721 419 1800 494 12

761 641 891 711 Sed
924 645 1071 729 jam
1114 643 1608 731 diseeptandum
1655 648 1841 714 nobis
1887 653 2007 734 est,
2048 656 2249 712 utrum
2291 650 2462 712 Philo
2505 657 2564 713 et
2608 650 2905 728 Iosephus

589 769 753 829 hanc
797 771 1057 831 ecstasin
1102 775 1161 830 et
1211 761 1723 855 θεοφόρητον
1763 769 2053 853 μανίαν
2099 772 2550 846 assignaverint
2588 773 2703 832 εοῖι·
2734 773 2904 832 actm·

590 890 875 964 loquendi
902 896 963 950 et
988 890 1408 965 praedicandi
1437 907 1520 951 an
1551 892 1731 952 etiam
1771 890 2101 962 scribendi,
2146 885 2215 951 id
2245 886 2417 971 quod
2454 885 2901 952 affirmandum

589 1002 844 1071 videtur
885 1004 1064 1071 hisee
1109 1005 1192 1073 de
1239 1006 1470 1073 causis.
1558 1006 1630 1090 a)
1677 1007 1746 1073 Si
1790 1005 2003 1091 homo,
2050 1005 2353 1091 quamdiu
2401 1006 2641 1092 Spiritu
2687 1006 2910 1072 divino

589 1122 893 1210 impletus
942 1131 1044 1190 est
1089 1118 1276 1210 (καθ’
1316 1119 1400 1193 ὃν
1436 1121 1685 1211 χρόνον
1712 1125 2071 1216 ἐνθουσιᾷ),
2117 1133 2187 1192 ut
2220 1125 2408 1192 Philo
2437 1126 2546 1212 ait,
2589 1126 2659 1191 in
2692 1145 2910 1192 amen-

595 1243 689 1310 tia
718 1250 818 1311 est
848 1244 1231 1311 constitutus
1265 1242 1581 1331 (γεγονώς
1614 1243 1689 1311 ἐν
1717 1238 2001 1335 ἀγνοίᾳ),
2035 1253 2117 1331 et,
2144 1253 2214 1312 ut
2244 1246 2284 1311 J
2286 1244 2572 1331 osephus
2604 1246 2712 1331 ait,
2743 1244 2902 1311 nihil

593 1363 714 1428 seit
756 1382 967 1447 neque
1014 1368 1117 1431 est
1158 1364 1225 1430 in
1269 1369 1475 1430 semet
1515 1365 1660 1450 ipso
1707 1357 1931 1449 (οὐδὲν
1973 1361 2182 1444 εἰδώς,
2227 1358 2351 1431 οὐκ
2394 1359 2496 1431 ὢν
2528 1362 2602 1431 ἐν
2631 1360 2898 1448 ἑαυτῷ),

592 1482 686 1547 ita
729 1488 797 1547 ut
838 1482 1173 1569 inspiratio
1218 1483 1390 1550 idem
1446 1485 1531 1549 sit
1573 1505 1652 1549 ae
1700 1482 1877 1550 'furor
1921 1483 2176 1569 (μανία,
2222 1481 2709 1569 κορυβαντιᾶν),
2763 1481 2902 1548 fieri

594 1602 842 1688 nequit,
898 1610 968 1669 ut
1011 1604 1074 1668 in
1124 1609 1272 1669 aetu
1316 1602 1641 1670 scribendi
1683 1602 2044 1671 recordatio
2102 1604 2188 1670 sit
2229 1604 2453 1670 unicus
2499 1601 2673 1686 sons,
2730 1600 2904 1667 unde

589 1717 820 1787 haurit.
898 1721 976 1805 b)
1029 1723 1239 1789 Locos
1287 1723 1657 1809 Scripturae
1700 1745 1930 1794 sacrae
1961 1725 2055 1790 ita
2083 1724 2268 1790 Philo
2301 1722 2561 1807 allegat,
2606 1729 2676 1787 ut
2707 1721 2905 1787 etiam

593 1840 661 1905 in
729 1848 877 1909 actu
944 1843 1267 1910 scribendi
1330 1843 1817 1930 inspirationem
1886 1844 2232 1934 manticam
2289 1849 2632 1928 agnoscat,
2702 1842 2906 1910 velut:

594 1974 912 2047 μαρτυρεῖ
964 1962 1041 2028 δέ
1094 1965 1208 2048 μοί
1260 1987 1360 2042 τις
1413 1966 1554 2030 τῶν
1604 1960 1810 2030 πάλαι
1862 1965 2257 2051 προφητῶν,
2314 1957 2393 2040 ὃς
2445 1957 2909 2038 ἐπιθειάσας

592 2075 773 2146 εἶπεν
817 2083 974 2161 (Jes.
1005 2082 1080 2168 V,
1115 2082 1183 2168 7)
1203 2083 1248 2167 ¹,
1293 2085 1427 2151 vel:
1469 2096 1788 2170 μαρτυρεῖ
1825 2084 1903 2150 δέ
1940 2106 2069 2168 μου
2111 2085 2213 2168 τῷ
2258 2079 2437 2168 λόγῳ
2479 2083 2597 2147 τοῦ
2637 2103 2894 2167 προφη-

592 2203 780 2266 τικοῦ
809 2198 1148 2289 θιασώτης
1182 2204 1402 2287 χοροῦ,
1455 2196 1531 2280 ὃς
1586 2203 2208 2279 καταπνευσθεὶς
2270 2200 2715 2267 ἐνθουσιῶν
2759 2193 2902 2265 α’νε-

594 2321 933 2407 φθέγξατο
974 2321 1134 2408 (Jer.
1163 2322 1307 2407 xx,
1342 2319 1505 2408 ιο).2
1588 2321 1655 2405 0)
1689 2320 1895 2407 Philo,
1937 2321 2045 2406 qui
2078 2320 2336 2387 sibimet
2361 2320 2487 2404 ipsi
2517 2296 2751 2385 statu'm
2782 2320 2903 2384 τοῦ

596 2443 1111 2528 θεοληπτεῑσθαι
1156 2448 1220 2507 et
1263 2440 1637 2507 facultatem
1681 2441 1833 2524 περὶ
1876 2428 1978 2506 ὦν
2008 2433 2131 2506 οὐκ
2160 2434 2297 2506 οἶδε
2325 2434 2762 2524 μαντεύεσθαι
2798 2439 2907 2504 tri-

593 2558 791 2645 buit3,
834 2561 1326 2647 inspirationem
1371 2561 1723 2627 mantieam
1769 2561 1967 2627 etiam
2011 2559 2081 2625 in
2124 2566 2271 2626 aotu
2314 2557 2638 2627 scribendi
2671 2560 2912 2626 diserte

596 2679 722 2746 sibi
765 2680 1052 2747 vindieat
1094 2682 1237 2747 loeo
1281 2680 1391 2745 illo
1419 2679 1847 2766 pulcherrimo
1879 2680 2024 2746 libri
2059 2685 2137 2745 de
2165 2686 2528 2758 migratione
2554 2682 2907 2757 Abrahami,

600 2798 708 2863 ubi
761 2805 985 2864 narrat
1037 2799 1191 2884 quid
1255 2800 1384 2885 ipsi
1453 2798 1762 2866 aeciderit
1822 2800 2232 2887 saepissime.
2329 2799 2701 2883 Aggressus
2756 2799 2906 2864 seri-

597 2917 774 2999 bere,
820 2919 1024 3000 inquit
1070 2917 1231 3005 (seo.
1260 2939 1427 2987 vers.
1467 2916 1738 3006 Mang.)‚
1781 2940 1899 3005 pro
1943 2939 2121 2985 more
2151 2918 2234 2985 de
2265 2938 2336 2985 re
2365 2918 2815 3006 philosophica
2845 2924 2913 2985 et

592 3224 701 3262 των
734 3211 907 3279 σιγᾶν
950 3206 984 3279 ἢ
1023 3209 1232 3281 λέγειν,
1280 3208 1411 3262 ὅταν
1446 3204 1591 3282 ἡμᾶς
1638 3202 1698 3262 τὸ
1742 3210 1835 3263 τοῦ
1885 3209 2022 3261 θεοῦ
2066 3203 2203 3281 λάβῃ
2251 3206 2500 3280 undum·
2545 3203 2764 3278 φωνὰς
2776 3202 2904 3278 γὰρ,

589 3292 657 3352 ἀς
689 3290 941 3364 βουλεται
975 3314 1147 3359 τουτο,
1181 3294 1278 3348 καὶ
1314 3290 1511 3364 λόγους
1544 3290 1752 3348 οὐδὲν
1802 3289 1984 3393 νμῶῑν
2033 3289 2326 3348 εἰδότων
2374 3290 2594 3364 ἀφίησι.
2630 3323 2700 3333 -
2733 3324 2798 3333 -
2839 3310 2907 3362 rr

587 3378 650 3433 τὲ
681 3398 779 3452 μοι
816 3378 893 3433 δι’
929 3378 1094 3451 εὖχῆς
1124 3378 1305 3453 μηδὲν
1343 3377 1606 3449 ἀδικῆσαί
1656 3398 1755 3433 σου
1790 3374 1892 3449 τὴν
1929 3372 2240 3452 ἐπιθυμίαν
2277 3379 2390 3445 (sel.
2416 3377 2777 3433 maledicendi
2811 3377 2907 3432 Ju-

589 3464 781 3533 daeis).
855 3466 1142 3538 Κρείττων
1176 3464 1240 3519 δὲ
1283 3462 1312 3519 ὅ
1360 3461 1494 3525 θεὸς
1542 3485 1621 3520 ων
1670 3460 1783 3536 ε’γώ
1830 3465 2170 3537 χαρίζεσθαι
2219 3459 2573 3534 διεγνώκειν·
2623 3464 2908 3521 παντελῶς

589 3545 700 3621 γὰρ
730 3548 999 3611 ἀσθενεῖς
1032 3551 1089 3605 οἱ
1127 3547 1578 3622 προγιγνώσκειν
1614 3551 1746 3621 περὶ
1797 3549 1908 3604 τῶν
1944 3546 2322 3623 ἀνθρωπείων
2358 3546 2490 3620 παρ’
2527 3546 2738 3602 ἑαυτῶν
2772 3549 2907 3622 λαμ-

584 3630 871 3704 βάνοντες,
919 3636 1057 3690 ὥστε
1098 3631 1174 3710 μὴ
1222 3634 1385 3690 ταυθ’
1422 3636 1567 3712 ὅπερ
1619 3631 1958 3707 ὗπαγορευει
1995 3631 2055 3690 τὸ
2091 3641 2254 3690 θεῖον
2289 3634 2497 3705 λέγειν,
2531 3627 2909 3704 βιάζεσθαι

589 3718 661 3774 δε
706 3718 830 3791 τὴν
864 3717 1141 3776 ἐκείνου
1188 3716 1545 3793 βούλησιν·
1599 3713 1808 3775 οὖδεν
1853 3717 1986 3793 γὰρ
2033 3716 2105 3775 ἒν
2152 3718 2314 3794 ἡμῖν
2360 3717 2464 3773 ἔτι
2508 3714 2910 3791 φθάνοντος

585 3806 947 3862 εἰσελθεῖν
1024 3804 1299 3862 ἐκείνου
1363 3805 1715 3881 ἡμέτερον.
1783 3840 1851 3850 -
1938 3807 2047 3864 cfr.
2099 3809 2747 3870 Bretschneiderum‚
2813 3803 2913 3857 Ca·

586 3894 703 3963 pita
746 3893 1052 3963 theologiae
1086 3892 1421 3949 «Iudaeorum
1468 3893 1805 3963 dogmaticae
1844 3910 1873 3948 e
1907 3893 2080 3949 Flavii
2123 3891 2354 3963 Josephi
2400 3890 2615 3961 scriptis
2663 3890 2908 3945 collecta.

583 3979 731 4051 Lips.
759 3981 905 4036 1812.
959 3983 992 4047 ἓ
1019 3982 1067 4035 3.

518 4069 527 4074 ”
727 4067 748 4107 1
799 4065 863 4121 T.
888 4066 931 4133 Ι,
968 4082 1022 4134 p.
1049 4067 1166 4120 681.

730 4151 757 4193 ²
799 4151 862 4206 T.
889 4152 932 4220 Ι,
968 4168 1021 4220 p.
1046 4154 1165 4207 411.

721 4236 748 4278 ⁸
793 4238 885 4291 De
934 4237 1269 4292 Cherubim
1315 4237 1378 4292 T.
1403 4237 1457 4305 Ι,
1509 4253 1562 4305 p.
1594 4238 1721 4292 143:
1771 4233 2016 4289 Ἤκουσα
2052 4233 2121 4289 δέ
2151 4252 2286 4288 ποτε
2331 4234 2431 4287 καὶ
2467 4231 2906 4304 σπουδαιοτέρου

581 4317 749 4393 λόγου
798 4319 951 4394 παρὰ
995 4324 1179 4394 ψυχῆς
1227 4317 1366 4395 ἐμῆς
1413 4320 1679 4380 εἰωθυίας
1726 4315 1793 4375 τὰ
1841 4316 2013 4376 πολλὰ
2055 4321 2493 4390 θεοληπτεῒσθαι
2525 4319 2620 4372 καὶ
2662 4319 2798 4390 περὶ
2834 4305 2915 4371 ὧν

581 4403 680 4461 οὐκ
719 4401 841 4461 οἶδε
872 4402 1270 4480 μαντευεσθαι.

3203 4 3253 2568 &Qu—*d
