3264 5076
1621 417 1711 488 84

498 645 566 709 in
611 663 810 729 specu
852 647 1074 708 natum
1120 661 1265 709 esse
1319 641 1509 728 (Bial.
1545 664 1597 708 c.
1640 649 1739 708 Tr.
1778 661 1828 708 c.
1861 643 1961 726 78,
2002 664 2065 726 p.
2097 638 2286 727 264);
2343 638 2408 726 b)
2454 641 2685 725 Magos
2731 661 2816 706 ex

503 762 751 830 Arabia
793 762 1055 829 venisse
1102 760 1274 847 (ibid.
1304 783 1367 849 p.
1399 738 1586 849 26233
1641 764 1705 850 c)
1761 764 1980 829 Jcsum
2040 759 2212 828 domi
2266 767 2485 827 aratra
2537 766 2604 826 et
2646 759 2819 843 juga
2887 807 2892 811 ·

504 900 680 948 more
724 881 890 948 fabri
934 881 1194 967 tignarii
1237 882 1619 949 fabricatum
1674 901 1822 948 esse
1879 879 2068 966 (Dial.
2098 901 2149 945 c.
2188 885 2283 944 Tr.
2315 901 2369 947 c.
2404 883 2506 966 88,
2533 902 2596 966 p.
2623 877 2815 965 306);

505 1001 575 1086 d)
636 1022 777 1067 cum
824 1001 1261 1087 baptizaretur
1313 1001 1529 1085 ignem
1578 1002 1961 1088 apparuisse
2010 999 2196 1083 (Ibid.
2228 1021 2291 1084 p.
2326 998 2514 1086 302);
2568 997 2628 1085 e)
2675 999 2815 1085 pul-

503 1122 634 1186 lum
667 1121 936 1200 asinum,
968 1121 1035 1186 in
1068 1141 1194 1204 quo
1221 1119 1578 1208 veheretur,
1611 1121 1697 1187 ad
1715 1121 1910 1188 vitcm
1943 1119 2281 1205 alligatum
2312 1119 2510 1186 fuisse
2548 1117 2745 1204 (Apol.
2771 1120 2823 1203 Ι,

506 1243 608 1328 32,
637 1263 700 1327 p.
724 1241 912 1327 204);
948 1240 1021 1325 f)
1046 1246 1085 1304 J
1091 1260 1270 1308 esum
1293 1240 1749 1307 ludificationis
1781 1261 1983 1307 causa
2011 1241 2078 1306 in
2109 1239 2411 1305 tribunali
2444 1239 2820 1304 collocatum

508 1361 694 1444 eique
761 1361 1187 1427 acclamatum
1254 1380 1430 1428 esse:
1509 1373 1742 1445 κρῖνον
1804 1355 1960 1448 ἡμῖν
2029 1367 2229 1441 (Apol.
2270 1361 2328 1447 Ι,
2367 1363 2482 1442 35,
2538 1380 2601 1444 p.
2636 1361 2821 1440 210);

509 1480 582 1565 q)
634 1482 856 1547 Jesum
903 1479 1180 1547 dixisse:
1238 1478 1314 1545 ἐν
1355 1475 1454 1558 οἶς
1498 1474 1583 1545 ἂν
1626 1475 1794 1565 ὑμᾶς
1838 1476 2220 1558 καταλάβω,
2277 1478 2351 1544 ἐν
2390 1474 2678 1555 τούτοις.
2710 1477 2825 1542 καὶ

514 1601 724 1684 κρινῶ
781 1597 970 1685 (Bial.
1011 1619 1061 1663 c.
1099 1606 1196 1664 Tr.
1250 1620 1302 1665 c.
1336 1603 1440 1684 47,
1486 1621 1551 1685 p.
1593 1597 1776 1685 154);
1841 1601 1911 1686 h)
1958 1600 2377 1666 vaticinatum
2440 1619 2585 1664 eum
2639 1617 2820 1664 esse:

509 1716 769 1784 ἔσονται
804 1720 1120 1803 σχίσματα
1155 1720 1266 1784 καὶ
1295 1716 1568 1805 αἱρέσεις
1598 1718 1790 1805 (mal.
1821 1742 1873 1785 c.
1898 1725 1994 1784 Tr.
2028 1740 2082 1785 c.
2111 1723 2213 1799 35,
2244 1742 2307 1805 p.
2339 1717 2514 1804 114).
2574 1719 2818 1784 Horum

513 1812 825 1904 nonnulla
855 1859 891 1904 e
921 1839 1156 1906 Vetere
1194 1842 1610 1906 Testamento
1648 1841 1953 1907 conclusa
1991 1845 2167 1923 sunt,
2208 1840 2385 1906 velut
2422 1859 2460 1904 e
2488 1840 2594 1904 ΡΒ.
2618 1838 2821 1919 LXX,

520 1964 599 2023 10
645 1964 711 2026 et
754 1962 887 2026 Jes.
920 1960 1073 2045 Lx,
1106 1963 1144 2022 6
1202 1980 1430 2043 magos
1487 1980 1568 2025 ex
1611 1960 1857 2026 Arabia
1900 1961 2162 2028 venisse
2210 1967 2274 2027 et
2318 1981 2354 2026 e
2400 1960 2563 2025 Gen.
2593 1958 2826 2040 XLIX,

523 2085 593 2142 11
645 2080 886 2165 pullum
933 2079 1129 2164 asini,
1180 2080 1247 2144 in
1293 2100 1418 2162 quo
1447 2085 1641 2147 Jesus
1671 2087 1893 2147 vectus
1941 2086 2064 2166 est,
2118 2079 2203 2145 ad
2249 2079 2443 2147 vitem
2493 2078 2826 2162 alligatum

516 2199 744 2285 fuisse3
802 2201 934 2265 alia
984 2198 1312 2265 traditioni
1357 2198 1579 2265 deberi
1623 2198 1945 2285 videntur,
1996 2200 2172 2266 velut
2222 2200 2446 2264 Jesum
2506 2198 2575 2264 in
2629 2218 2828 2284 specu

512 2325 731 2384 natum
778 2339 954 2405 esse3
1000 2318 1132 2384 alia
1175 2318 1454 2402 denique
1500 2339 1583 2385 ex
1627 2318 1753 2384 hoc
1795 2319 1991 2386 illove
2046 2319 2391 2401 evangelio
2452 2316 2823 2403 apocrypho

513 2438 717 2525 petita
761 2459 910 2506 esse
958 2460 1088 2504 non
1131 2438 1493 2505 infitiamur.
1584 2438 1718 2506 Sed
1762 2438 2093 2506 Crednero
2140 2437 2500 2524 objicimu8‚
2553 2438 2825 2523 primum

513 2559 732 2627 nullibi
778 2560 1099 2626 Justinum
1146 2558 1490 2643 quidquam
1535 2560 1787 2627 illorum
1832 2563 1899 2628 in
1939 2559 2302 2644 evangeliis
2336 2559 2663 2625 canonicis
2700 2580 2830 2624 non

516 2679 893 2765 scriptorum
940 2680 1320 2747 auctoritate
1364 2682 1504 2745 τῶν
1547 2673 2237 2768 ἀπομνημονευμάτων
2273 2679 2547 2764 munire3
2593 2677 2829 2744 deinde

514 2798 570 2863 si
635 2819 803 2882 quae
868 2818 951 2864 ex
1016 2800 1360 2883 evangelio
1434 2799 1713 2884 quodam
1782 2798 2155 2887 apocrypho
2224 2797 2622 2882 decerpserit
2677 2798 2830 2864 inde

512 2940 642 2984 non
699 2918 912 3001 sequi,
968 2938 1112 2983 eum
1165 2919 1333 2984 inter
1388 2922 1735 3004 evangelia
1788 2920 2103 2987 canonica
2155 2924 2221 2986 et
2275 2917 2656 3005 apocrypha
2701 2940 2831 2984 non

513 3037 948 3104 distinxisse.¹
1044 3039 1249 3123 Urget
1297 3042 1684 3105 Crednerus²
1735 3041 1944 3107 locum
1989 3039 2166 3104 illum
2213 3044 2372 3103 Dial.
2404 3059 2457 3103 c.
2496 3043 2594 3103 Tr.
2643 3059 2694 3104 c.
2725 3041 2832 3121 88,

514 3181 577 3244 p.
612 3161 764 3224 202:
834 3158 983 3223 Καὶ
1045 3154 1222 3224 τότε
1290 3154 1673 3236 ἐλθόντος
1739 3163 1876 3226 τοῦ
1947 3152 2186 3246 Ἰησοῦ
2257 3157 2383 3224 ἐπὶ
2450 3154 2589 3225 τὸν
2660 3150 2832 3240 Ἰορ-

518 3274 759 3364 δάνην
834 3274 1212 3364 ποταμὸν,
1299 3277 1491 3344 ἔνθα
1561 3272 1600 3344 ὁ
1674 3273 2029 3366 Ἰωάννης
2103 3273 2490 3362 ἐβάπτιζε,
2568 3281 2834 3343 κατελ-

515 3393 812 3476 θόντος
870 3400 1007 3464 τοῦ
1062 3392 1305 3485 Ἰησοῦ
1364 3396 1493 3463 ἐπὶ
1556 3394 1644 3463 τὸ
1705 3393 1916 3484 ὕδωρ
1979 3400 2111 3465 καὶ
2165 3400 2314 3483 πῦρ
2376 3391 2693 3485 α’νήφθη
2748 3396 2831 3462 ἐν

518 3521 627 3604 τῷ
668 3511 1040 3603 Ἰορδάνῃ,
1087 3519 1218 3583 καὶ
1261 3510 1695 3595 ἀναδύντος
1738 3512 1978 3585 αὐτοῦ
2022 3513 2170 3585 άπὸ
2212 3520 2356 3584 τοῦ
2396 3513 2685 3596 ὕδατος
2727 3512 2833 3594 ὠς

517 3634 983 3724 περιστερὰν
1012 3633 1099 3703 τὸ
1127 3631 1352 3722 ἅγιον
1379 3625 1690 3723 ,πνεῦμά
1722 3635 2145 3724 ἐπιπτῆναι
2191 3631 2300 3704 ἐπ’
2343 3631 2582 3703 αὐτὸν
2626 3636 2839 3723 ἔγρα-

517 3776 674 3840 ψαν
738 3755 810 3823 οἱ
881 3749 1311 3822 άπόστολοι
1377 3749 1614 3822 αὐτοῦ
1667 3753 1951 3822 τούτου
2003 3759 2142 3823 τοῦ
2195 3759 2544 3843 Χριστοῦ
2598 3750 2834 3843 ἡμῶν.

514 3876 654 3942 Hoc
716 3876 861 3942 loco
932 3880 1276 3940 Crednerus
1335 3874 1489 3943 dicit
1552 3877 1935 3961 scripturam
1986 3876 2192 3963 illam,
2253 3878 2320 3943 in
2388 3897 2518 3960 qua
2574 3876 2832 3962 species

509 3996 629 4060 illa
679 3995 879 4079 ignea
925 4004 990 4061 et
1032 3996 1234 4062 verba
1278 3996 1407 4063 Dei
1454 3996 1722 4063 coelitus
1768 3993 2177 4062 desonantia:
2236 3991 2391 4072 Υἱός
2443 4018 2571 4079 μου
2616 3992 2677 4061 εἰ
2732 3992 2837 4061 σύ·

649 4198 667 4238 ¹
720 4197 825 4251 Cfr.
853 4203 1002 4268 Apol.
1027 4198 1078 4266 Ι,
1106 4201 1197 4267 35,
1243 4216 1297 4267 p.
1335 4201 1460 4252 210:
1510 4199 1628 4252 Καὶ
1663 4200 1831 4251 ταῦτα
1863 4197 1967 4252 ’ὅτι
2015 4199 2245 4270 γέγονε,
2293 4197 2578 4253 δύνασθαι
2619 4202 2837 4278 μαθεῖν

505 4278 575 4336 ἐκ
613 4285 743 4337 τῶν
779 4278 896 4336 ἐπὶ
932 4283 1240 4337 Ποντίου
1278 4279 1583 4338 Πιλάτου
1621 4281 1869 4348 ἅκτων,

651 4371 674 4420 2
716 4370 779 4433 L.
806 4386 851 4425 c.
884 4386 937 4451 p.
966 4371 1066 4424 210
1091 4385 1169 4451 sq.
