<?xml version="1.0" encoding="UTF-8"?>
<!DOCTYPE html PUBLIC "-//W3C//DTD XHTML 1.0 Transitional//EN"
    "http://www.w3.org/TR/xhtml1/DTD/xhtml1-transitional.dtd">
<html xmlns="http://www.w3.org/1999/xhtml" xml:lang="en" lang="en">
 <head>
  <title>
</title>
<meta http-equiv="Content-Type" content="text/html;charset=utf-8" />
  <meta name='ocr-system' content='tesseract 3.04.00' />
  <meta name='ocr-capabilities' content='ocr_page ocr_carea ocr_par ocr_line ocrx_word'/>
</head>
<body>
  <div class='ocr_page' id='page_1' title='image "./deinspirationes00deligoog_0053.png"; bbox 0 0 3264 5076; ppageno 0'>
   <div class='ocr_carea' id='block_1_1' title="bbox 1435 415 1519 488">
    <p class='ocr_par' dir='ltr' id='par_1_1' title="bbox 1435 415 1519 488">
     <span class='ocr_line' id='line_1_1' title="bbox 1435 415 1519 488; baseline 0 0"><span class='ocrx_word' id='word_1_1' title='bbox 1435 415 1519 488; x_wconf 79' lang='lat'><strong>41</strong></span> 
     </span>
    </p>
   </div>
   <div class='ocr_carea' id='block_1_2' title="bbox 1321 508 1629 518">
    <p class='ocr_par' dir='ltr' id='par_1_2' title="bbox 1321 508 1629 518">
     <span class='ocr_line' id='line_1_2' title="bbox 1321 508 1629 518; baseline 0 0"><span class='ocrx_word' id='word_1_2' title='bbox 1321 508 1629 518; x_wconf 95' lang='lat' dir='ltr'><strong> </strong></span> 
     </span>
    </p>
   </div>
   <div class='ocr_carea' id='block_1_3' title="bbox 311 637 2640 2165">
    <p class='ocr_par' dir='ltr' id='par_1_3' title="bbox 311 637 2632 968">
     <span class='ocr_line' id='line_1_3' title="bbox 311 637 2632 730; baseline -0.001 -22"><span class='ocrx_word' id='word_1_3' title='bbox 311 641 725 730; x_wconf 87' lang='lat' dir='ltr'><strong>praecipuum</strong></span> <span class='ocrx_word' id='word_1_4' title='bbox 763 642 889 710; x_wconf 86' lang='lat' dir='ltr'><strong>Dei</strong></span> <span class='ocrx_word' id='word_1_5' title='bbox 926 639 1163 709; x_wconf 91' lang='lat' dir='ltr'><strong>donum</strong></span> <span class='ocrx_word' id='word_1_6' title='bbox 1198 644 1346 710; x_wconf 78' lang='lat' dir='ltr'><strong>esse</strong></span> <span class='ocrx_word' id='word_1_7' title='bbox 1393 641 1912 725; x_wconf 85' lang='lat' dir='ltr'><strong>existimabant¹,</strong></span> <span class='ocrx_word' id='word_1_8' title='bbox 1962 659 2081 727; x_wconf 84' lang='lat' dir='ltr'><strong>per</strong></span> <span class='ocrx_word' id='word_1_9' title='bbox 2125 659 2196 707; x_wconf 88' lang='lat' dir='ltr'><strong>se</strong></span> <span class='ocrx_word' id='word_1_10' title='bbox 2238 637 2632 726; x_wconf 79' lang='lat' dir='ltr'><strong>intelligitur,</strong></span> 
     </span>
     <span class='ocr_line' id='line_1_4' title="bbox 318 758 2629 849; baseline -0.003 -19"><span class='ocrx_word' id='word_1_11' title='bbox 318 783 431 830; x_wconf 92' lang='lat' dir='ltr'><strong>eos</strong></span> <span class='ocrx_word' id='word_1_12' title='bbox 475 762 855 849; x_wconf 89' lang='lat' dir='ltr'><strong>prophetas,</strong></span> <span class='ocrx_word' id='word_1_13' title='bbox 904 764 1010 848; x_wconf 88' lang='lat' dir='ltr'><strong>qui</strong></span> <span class='ocrx_word' id='word_1_14' title='bbox 1057 763 1363 831; x_wconf 86' lang='lat' dir='ltr'><strong>vaticinia</strong></span> <span class='ocrx_word' id='word_1_15' title='bbox 1405 761 1522 828; x_wconf 85' lang='lat' dir='ltr'><strong>illa</strong></span> <span class='ocrx_word' id='word_1_16' title='bbox 1565 762 1985 847; x_wconf 79' lang='lat' dir='ltr'><strong>scripserant,</strong></span> <span class='ocrx_word' id='word_1_17' title='bbox 2042 781 2084 826; x_wconf 85' lang='lat' dir='ltr'><strong>a</strong></span> <span class='ocrx_word' id='word_1_18' title='bbox 2125 760 2389 846; x_wconf 83' lang='lat' dir='ltr'><strong>Spiritu.</strong></span> <span class='ocrx_word' id='word_1_19' title='bbox 2410 758 2629 827; x_wconf 83' lang='lat' dir='ltr'><strong>divino</strong></span> 
     </span>
     <span class='ocr_line' id='line_1_5' title="bbox 318 881 1594 968; baseline 0 -21"><span class='ocrx_word' id='word_1_20' title='bbox 318 882 455 949; x_wconf 88' lang='lat' dir='ltr'><strong>sive</strong></span> <span class='ocrx_word' id='word_1_21' title='bbox 500 904 544 948; x_wconf 84' lang='lat' dir='ltr'><strong>a</strong></span> <span class='ocrx_word' id='word_1_22' title='bbox 582 883 763 968; x_wconf 83' lang='lat' dir='ltr'><strong>cho</strong></span> <span class='ocrx_word' id='word_1_23' title='bbox 804 883 1140 950; x_wconf 86' lang='lat' dir='ltr'><strong>instinctos</strong></span> <span class='ocrx_word' id='word_1_24' title='bbox 1187 881 1594 950; x_wconf 80' lang='lat' dir='ltr'><strong>credidisse.2</strong></span> 
     </span>
    </p>

    <p class='ocr_par' dir='ltr' id='par_1_4' title="bbox 318 999 2640 2165">
     <span class='ocr_line' id='line_1_6' title="bbox 486 999 2633 1089; baseline -0.002 -22"><span class='ocrx_word' id='word_1_25' title='bbox 486 1002 628 1068; x_wconf 86' lang='lat' dir='ltr'><strong>Hac</strong></span> <span class='ocrx_word' id='word_1_26' title='bbox 684 1000 924 1087; x_wconf 79' lang='lat' dir='ltr'><strong>duplici</strong></span> <span class='ocrx_word' id='word_1_27' title='bbox 970 1003 1078 1069; x_wconf 85' lang='lat' dir='ltr'><strong>via</strong></span> <span class='ocrx_word' id='word_1_28' title='bbox 1122 1002 1512 1089; x_wconf 85' lang='lat' dir='ltr'><strong>apologetae</strong></span> <span class='ocrx_word' id='word_1_29' title='bbox 1556 1000 1942 1086; x_wconf 84' lang='lat' dir='ltr'><strong>perveniunt</strong></span> <span class='ocrx_word' id='word_1_30' title='bbox 1984 1001 2069 1067; x_wconf 86' lang='lat' dir='ltr'><strong>ad</strong></span> <span class='ocrx_word' id='word_1_31' title='bbox 2114 1000 2394 1067; x_wconf 85' lang='lat' dir='ltr'><strong>divinam</strong></span> <span class='ocrx_word' id='word_1_32' title='bbox 2445 999 2633 1084; x_wconf 87' lang='lat' dir='ltr'><strong>origi-</strong></span> 
     </span>
     <span class='ocr_line' id='line_1_7' title="bbox 319 1118 2629 1206; baseline -0.001 -20"><span class='ocrx_word' id='word_1_33' title='bbox 319 1141 466 1188; x_wconf 85' lang='lat' dir='ltr'><strong>nem</strong></span> <span class='ocrx_word' id='word_1_34' title='bbox 512 1120 811 1189; x_wconf 87' lang='lat' dir='ltr'><strong>librorum</strong></span> <span class='ocrx_word' id='word_1_35' title='bbox 858 1122 1114 1190; x_wconf 77' lang='lat' dir='ltr'><strong>Veteris</strong></span> <span class='ocrx_word' id='word_1_36' title='bbox 1143 1124 1565 1189; x_wconf 82' lang='lat' dir='ltr'><strong>Testamenti.</strong></span> <span class='ocrx_word' id='word_1_37' title='bbox 1658 1123 1885 1206; x_wconf 84' lang='lat' dir='ltr'><strong>Neque</strong></span> <span class='ocrx_word' id='word_1_38' title='bbox 1932 1128 2031 1187; x_wconf 89' lang='lat' dir='ltr'><strong>est</strong></span> <span class='ocrx_word' id='word_1_39' title='bbox 2083 1141 2191 1187; x_wconf 91' lang='lat' dir='ltr'><strong>cur</strong></span> <span class='ocrx_word' id='word_1_40' title='bbox 2234 1118 2398 1185; x_wconf 89' lang='lat' dir='ltr'><strong>haec</strong></span> <span class='ocrx_word' id='word_1_41' title='bbox 2443 1139 2629 1202; x_wconf 80' lang='lat' dir='ltr'><strong>argu-</strong></span> 
     </span>
     <span class='ocr_line' id='line_1_8' title="bbox 320 1240 2632 1326; baseline -0 -21"><span class='ocrx_word' id='word_1_42' title='bbox 320 1248 541 1309; x_wconf 87' lang='lat' dir='ltr'><strong>menta</strong></span> <span class='ocrx_word' id='word_1_43' title='bbox 592 1241 1021 1326; x_wconf 87' lang='lat' dir='ltr'><strong>repudiemus.</strong></span> <span class='ocrx_word' id='word_1_44' title='bbox 1122 1243 1269 1309; x_wconf 89' lang='lat' dir='ltr'><strong>Non</strong></span> <span class='ocrx_word' id='word_1_45' title='bbox 1335 1242 1506 1308; x_wconf 87' lang='lat' dir='ltr'><strong>enim</strong></span> <span class='ocrx_word' id='word_1_46' title='bbox 1561 1241 1686 1307; x_wconf 92' lang='lat' dir='ltr'><strong>hoc</strong></span> <span class='ocrx_word' id='word_1_47' title='bbox 1749 1242 1871 1308; x_wconf 88' lang='lat' dir='ltr'><strong>sibi</strong></span> <span class='ocrx_word' id='word_1_48' title='bbox 1935 1241 2160 1307; x_wconf 89' lang='lat' dir='ltr'><strong>volunt</strong></span> <span class='ocrx_word' id='word_1_49' title='bbox 2224 1240 2632 1326; x_wconf 88' lang='lat' dir='ltr'><strong>apologetae,</strong></span> 
     </span>
     <span class='ocr_line' id='line_1_9' title="bbox 322 1356 2633 1447; baseline -0.002 -21"><span class='ocrx_word' id='word_1_50' title='bbox 322 1361 715 1447; x_wconf 83' lang='lat' dir='ltr'><strong>Scripturam</strong></span> <span class='ocrx_word' id='word_1_51' title='bbox 771 1381 1023 1427; x_wconf 84' lang='lat' dir='ltr'><strong>sacram</strong></span> <span class='ocrx_word' id='word_1_52' title='bbox 1078 1360 1183 1428; x_wconf 89' lang='lat' dir='ltr'><strong>vel</strong></span> <span class='ocrx_word' id='word_1_53' title='bbox 1238 1361 1305 1426; x_wconf 89' lang='lat' dir='ltr'><strong>in</strong></span> <span class='ocrx_word' id='word_1_54' title='bbox 1362 1360 1706 1427; x_wconf 76' lang='lat' dir='ltr'><strong>levissimis</strong></span> <span class='ocrx_word' id='word_1_55' title='bbox 1764 1361 2243 1444; x_wconf 73' lang='lat' dir='ltr'><strong>quibuscunque</strong></span> <span class='ocrx_word' id='word_1_56' title='bbox 2297 1360 2487 1425; x_wconf 91' lang='lat' dir='ltr'><strong>rebus</strong></span> <span class='ocrx_word' id='word_1_57' title='bbox 2539 1356 2633 1423; x_wconf 59' lang='lat' dir='ltr'><strong>hi.-</strong></span> 
     </span>
     <span class='ocr_line' id='line_1_10' title="bbox 318 1477 2630 1566; baseline -0.001 -21"><span class='ocrx_word' id='word_1_58' title='bbox 318 1481 565 1546; x_wconf 85' lang='lat' dir='ltr'><strong>storicis</strong></span> <span class='ocrx_word' id='word_1_59' title='bbox 596 1481 721 1547; x_wconf 91' lang='lat' dir='ltr'><strong>sibi</strong></span> <span class='ocrx_word' id='word_1_60' title='bbox 757 1486 1075 1560; x_wconf 83' lang='lat' dir='ltr'><strong>constare,</strong></span> <span class='ocrx_word' id='word_1_61' title='bbox 1111 1479 1231 1546; x_wconf 88' lang='lat' dir='ltr'><strong>sed</strong></span> <span class='ocrx_word' id='word_1_62' title='bbox 1262 1478 1328 1544; x_wconf 91' lang='lat' dir='ltr'><strong>id</strong></span> <span class='ocrx_word' id='word_1_63' title='bbox 1359 1486 1607 1549; x_wconf 85' lang='lat' dir='ltr'><strong>tantum</strong></span> <span class='ocrx_word' id='word_1_64' title='bbox 1646 1479 1882 1565; x_wconf 91' lang='lat' dir='ltr'><strong>dicunt,</strong></span> <span class='ocrx_word' id='word_1_65' title='bbox 1917 1480 2305 1566; x_wconf 84' lang='lat' dir='ltr'><strong>Scripturae,</strong></span> <span class='ocrx_word' id='word_1_66' title='bbox 2337 1477 2630 1563; x_wconf 86' lang='lat' dir='ltr'><strong>quamvis</strong></span> 
     </span>
     <span class='ocr_line' id='line_1_11' title="bbox 324 1596 2634 1686; baseline -0 -23"><span class='ocrx_word' id='word_1_67' title='bbox 324 1596 781 1666; x_wconf 85' lang='lat' dir='ltr'><strong>diversissimis</strong></span> <span class='ocrx_word' id='word_1_68' title='bbox 805 1607 869 1667; x_wconf 88' lang='lat' dir='ltr'><strong>et</strong></span> <span class='ocrx_word' id='word_1_69' title='bbox 895 1601 1056 1666; x_wconf 88' lang='lat' dir='ltr'><strong>locis</strong></span> <span class='ocrx_word' id='word_1_70' title='bbox 1087 1607 1153 1667; x_wconf 87' lang='lat' dir='ltr'><strong>et</strong></span> <span class='ocrx_word' id='word_1_71' title='bbox 1171 1600 1566 1686; x_wconf 86' lang='lat' dir='ltr'><strong>temporibus</strong></span> <span class='ocrx_word' id='word_1_72' title='bbox 1590 1606 1792 1686; x_wconf 87' lang='lat' dir='ltr'><strong>ortae,</strong></span> <span class='ocrx_word' id='word_1_73' title='bbox 1813 1597 2165 1686; x_wconf 84' lang='lat' dir='ltr'><strong>perfectum</strong></span> <span class='ocrx_word' id='word_1_74' title='bbox 2194 1619 2343 1666; x_wconf 90' lang='lat' dir='ltr'><strong>esse</strong></span> <span class='ocrx_word' id='word_1_75' title='bbox 2368 1618 2634 1664; x_wconf 86' lang='lat' dir='ltr'><strong>consen-</strong></span> 
     </span>
     <span class='ocr_line' id='line_1_12' title="bbox 320 1718 2637 1804; baseline -0.001 -18"><span class='ocrx_word' id='word_1_76' title='bbox 320 1739 458 1786; x_wconf 89' lang='lat' dir='ltr'><strong>sum</strong></span> <span class='ocrx_word' id='word_1_77' title='bbox 487 1719 557 1785; x_wconf 89' lang='lat' dir='ltr'><strong>in</strong></span> <span class='ocrx_word' id='word_1_78' title='bbox 587 1721 781 1788; x_wconf 86' lang='lat' dir='ltr'><strong>rebus</strong></span> <span class='ocrx_word' id='word_1_79' title='bbox 813 1719 899 1786; x_wconf 84' lang='lat' dir='ltr'><strong>ad</strong></span> <span class='ocrx_word' id='word_1_80' title='bbox 927 1719 1307 1804; x_wconf 85' lang='lat' dir='ltr'><strong>religionem</strong></span> <span class='ocrx_word' id='word_1_81' title='bbox 1332 1725 1395 1785; x_wconf 83' lang='lat' dir='ltr'><strong>et</strong></span> <span class='ocrx_word' id='word_1_82' title='bbox 1421 1720 1767 1785; x_wconf 84' lang='lat' dir='ltr'><strong>salutarem</strong></span> <span class='ocrx_word' id='word_1_83' title='bbox 1798 1720 2135 1786; x_wconf 86' lang='lat' dir='ltr'><strong>veritatem</strong></span> <span class='ocrx_word' id='word_1_84' title='bbox 2167 1718 2637 1804; x_wconf 86' lang='lat' dir='ltr'><strong>pertinentibus</strong></span> 
     </span>
     <span class='ocr_line' id='line_1_13' title="bbox 324 1837 2640 1926; baseline -0.001 -21"><span class='ocrx_word' id='word_1_85' title='bbox 324 1876 397 1885; x_wconf 87' lang='lat'>—</span> <span class='ocrx_word' id='word_1_86' title='bbox 438 1860 605 1922; x_wconf 86' lang='lat' dir='ltr'><strong>quae</strong></span> <span class='ocrx_word' id='word_1_87' title='bbox 649 1839 905 1923; x_wconf 91' lang='lat' dir='ltr'><strong>quidem</strong></span> <span class='ocrx_word' id='word_1_88' title='bbox 951 1839 1410 1926; x_wconf 88' lang='lat' dir='ltr'><strong>contemplatio</strong></span> <span class='ocrx_word' id='word_1_89' title='bbox 1454 1859 1586 1905; x_wconf 90' lang='lat' dir='ltr'><strong>non</strong></span> <span class='ocrx_word' id='word_1_90' title='bbox 1626 1840 1832 1905; x_wconf 88' lang='lat' dir='ltr'><strong>solum</strong></span> <span class='ocrx_word' id='word_1_91' title='bbox 1879 1839 1963 1906; x_wconf 87' lang='lat' dir='ltr'><strong>ad</strong></span> <span class='ocrx_word' id='word_1_92' title='bbox 2005 1838 2199 1905; x_wconf 88' lang='lat' dir='ltr'><strong>fidem</strong></span> <span class='ocrx_word' id='word_1_93' title='bbox 2228 1837 2489 1905; x_wconf 89' lang='lat' dir='ltr'><strong>divinae</strong></span> <span class='ocrx_word' id='word_1_94' title='bbox 2520 1838 2640 1902; x_wconf 90' lang='lat' dir='ltr'><strong>ori-</strong></span> 
     </span>
     <span class='ocr_line' id='line_1_14' title="bbox 323 1957 2639 2046; baseline 0 -23"><span class='ocrx_word' id='word_1_95' title='bbox 323 1959 492 2042; x_wconf 84' lang='lat' dir='ltr'><strong>ginis</strong></span> <span class='ocrx_word' id='word_1_96' title='bbox 537 1959 938 2046; x_wconf 85' lang='lat' dir='ltr'><strong>Scripturae,</strong></span> <span class='ocrx_word' id='word_1_97' title='bbox 999 1959 1118 2026; x_wconf 89' lang='lat' dir='ltr'><strong>sed</strong></span> <span class='ocrx_word' id='word_1_98' title='bbox 1171 1959 1368 2026; x_wconf 88' lang='lat' dir='ltr'><strong>etiam</strong></span> <span class='ocrx_word' id='word_1_99' title='bbox 1416 1957 1501 2024; x_wconf 88' lang='lat' dir='ltr'><strong>ad</strong></span> <span class='ocrx_word' id='word_1_100' title='bbox 1547 1979 1699 2025; x_wconf 87' lang='lat' dir='ltr'><strong>vere</strong></span> <span class='ocrx_word' id='word_1_101' title='bbox 1743 1959 2174 2045; x_wconf 82' lang='lat' dir='ltr'><strong>theologicam</strong></span> <span class='ocrx_word' id='word_1_102' title='bbox 2222 1959 2362 2042; x_wconf 89' lang='lat' dir='ltr'><strong>ejus</strong></span> <span class='ocrx_word' id='word_1_103' title='bbox 2406 1964 2639 2024; x_wconf 88' lang='lat' dir='ltr'><strong>tracta·</strong></span> 
     </span>
     <span class='ocr_line' id='line_1_15' title="bbox 320 2078 2639 2165; baseline 0.001 -22"><span class='ocrx_word' id='word_1_104' title='bbox 320 2079 559 2144; x_wconf 83' lang='lat' dir='ltr'><strong>tionem</strong></span> <span class='ocrx_word' id='word_1_105' title='bbox 606 2078 915 2165; x_wconf 84' lang='lat' dir='ltr'><strong>perducit,</strong></span> <span class='ocrx_word' id='word_1_106' title='bbox 961 2079 1305 2147; x_wconf 88' lang='lat' dir='ltr'><strong>dummodo</strong></span> <span class='ocrx_word' id='word_1_107' title='bbox 1340 2100 1470 2151; x_wconf 88' lang='lat' dir='ltr'><strong>non</strong></span> <span class='ocrx_word' id='word_1_108' title='bbox 1504 2079 1714 2145; x_wconf 90' lang='lat' dir='ltr'><strong>minus</strong></span> <span class='ocrx_word' id='word_1_109' title='bbox 1745 2100 1935 2164; x_wconf 88' lang='lat' dir='ltr'><strong>quam</strong></span> <span class='ocrx_word' id='word_1_110' title='bbox 1973 2100 2329 2146; x_wconf 88' lang='lat' dir='ltr'><strong>consensus</strong></span> <span class='ocrx_word' id='word_1_111' title='bbox 2362 2079 2639 2164; x_wconf 81' lang='lat' dir='ltr'><strong>Scriptu-</strong></span> 
     </span>
    </p>
   </div>
   <div class='ocr_carea' id='block_1_4' title="bbox 327 2236 735 2248">
    <p class='ocr_par' dir='ltr' id='par_1_5' title="bbox 327 2236 735 2248">
     <span class='ocr_line' id='line_1_16' title="bbox 327 2236 735 2248; baseline 0 2828"><span class='ocrx_word' id='word_1_112' title='bbox 327 2236 735 2248; x_wconf 95' lang='lat' dir='ltr'><strong> </strong></span> 
     </span>
    </p>
   </div>
   <div class='ocr_carea' id='block_1_5' title="bbox 320 2315 2653 4468">
    <p class='ocr_par' dir='ltr' id='par_1_6' title="bbox 320 2315 2644 3508">
     <span class='ocr_line' id='line_1_17' title="bbox 462 2315 2638 2391; baseline -0.001 -18"><span class='ocrx_word' id='word_1_113' title='bbox 462 2320 480 2360; x_wconf 71' lang='grc' dir='ltr'>ἲ</span> <span class='ocrx_word' id='word_1_114' title='bbox 533 2323 682 2391; x_wconf 81' lang='lat' dir='ltr'><strong>Apol.</strong></span> <span class='ocrx_word' id='word_1_115' title='bbox 708 2319 750 2388; x_wconf 93' lang='grc' dir='ltr'>Ι,</span> <span class='ocrx_word' id='word_1_116' title='bbox 780 2321 863 2389; x_wconf 84' lang='grc'>12,</span> <span class='ocrx_word' id='word_1_117' title='bbox 901 2336 955 2389; x_wconf 90' lang='lat' dir='ltr'><strong>p.</strong></span> <span class='ocrx_word' id='word_1_118' title='bbox 984 2322 1107 2373; x_wconf 82' lang='lat'>162:</span> <span class='ocrx_word' id='word_1_119' title='bbox 1157 2321 1294 2373; x_wconf 75' lang='grc' dir='ltr'><strong>θεοῦ</strong></span> <span class='ocrx_word' id='word_1_120' title='bbox 1329 2316 1502 2390; x_wconf 77' lang='grc' dir='ltr'><em>ἔργον</em></span> <span class='ocrx_word' id='word_1_121' title='bbox 1539 2315 1709 2385; x_wconf 78' lang='grc' dir='ltr'><em>ἐστὶν,</em></span> <span class='ocrx_word' id='word_1_122' title='bbox 1750 2320 1886 2391; x_wconf 82' lang='grc' dir='ltr'><em>πρὶν</em></span> <span class='ocrx_word' id='word_1_123' title='bbox 1922 2317 1952 2391; x_wconf 79' lang='grc' dir='ltr'><em>ἦ</em></span> <span class='ocrx_word' id='word_1_124' title='bbox 1990 2319 2294 2391; x_wconf 74' lang='grc' dir='ltr'><em>γενέσθαι,</em></span> <span class='ocrx_word' id='word_1_125' title='bbox 2325 2318 2510 2373; x_wconf 79' lang='grc' dir='ltr'><em>εἰπεῖν</em></span> <span class='ocrx_word' id='word_1_126' title='bbox 2544 2318 2638 2372; x_wconf 82' lang='grc' dir='ltr'><strong>καὶ</strong></span> 
     </span>
     <span class='ocr_line' id='line_1_18' title="bbox 328 2402 2636 2479; baseline -0 -22"><span class='ocrx_word' id='word_1_127' title='bbox 328 2403 496 2464; x_wconf 70' lang='grc' dir='ltr'><em>οὕτως</em></span> <span class='ocrx_word' id='word_1_128' title='bbox 532 2405 838 2476; x_wconf 74' lang='grc' dir='ltr'><em>δειχθῆναι</em></span> <span class='ocrx_word' id='word_1_129' title='bbox 879 2402 1207 2479; x_wconf 76' lang='grc' dir='ltr'><em>γενόμενον,</em></span> <span class='ocrx_word' id='word_1_130' title='bbox 1256 2402 1329 2464; x_wconf 81' lang='grc' dir='ltr'><strong>ὥς</strong></span> <span class='ocrx_word' id='word_1_131' title='bbox 1366 2407 1710 2476; x_wconf 74' lang='grc' dir='ltr'><em>προείρηται.</em></span> <span class='ocrx_word' id='word_1_132' title='bbox 1752 2438 1821 2446; x_wconf 92' lang='grc'><strong>-</strong></span> <span class='ocrx_word' id='word_1_133' title='bbox 1874 2407 1960 2461; x_wconf 82' lang='lat' dir='ltr'><strong>Or.</strong></span> <span class='ocrx_word' id='word_1_134' title='bbox 1998 2411 2071 2461; x_wconf 81' lang='lat' dir='ltr'><strong>ad</strong></span> <span class='ocrx_word' id='word_1_135' title='bbox 2111 2409 2203 2462; x_wconf 82' lang='lat' dir='ltr'><strong>Gr.</strong></span> <span class='ocrx_word' id='word_1_136' title='bbox 2238 2421 2282 2460; x_wconf 82' lang='grc' dir='ltr'><strong>ο.</strong></span> <span class='ocrx_word' id='word_1_137' title='bbox 2308 2408 2391 2474; x_wconf 80' lang='grc'>29,</span> <span class='ocrx_word' id='word_1_138' title='bbox 2429 2420 2483 2473; x_wconf 90' lang='lat' dir='ltr'><strong>p.</strong></span> <span class='ocrx_word' id='word_1_139' title='bbox 2513 2406 2636 2458; x_wconf 85' lang='lat'>114:</span> 
     </span>
     <span class='ocr_line' id='line_1_19' title="bbox 324 2487 2636 2565; baseline -0.001 -20"><span class='ocrx_word' id='word_1_140' title='bbox 324 2488 690 2563; x_wconf 81' lang='grc' dir='ltr'><em>Περινοοῦντι</em></span> <span class='ocrx_word' id='word_1_141' title='bbox 729 2491 794 2545; x_wconf 77' lang='grc' dir='ltr'><strong>δέ</strong></span> <span class='ocrx_word' id='word_1_142' title='bbox 825 2509 923 2565; x_wconf 83' lang='grc' dir='ltr'><strong>μοι</strong></span> <span class='ocrx_word' id='word_1_143' title='bbox 959 2492 1027 2546; x_wconf 79' lang='grc' dir='ltr'><strong>τὰ</strong></span> <span class='ocrx_word' id='word_1_144' title='bbox 1064 2490 1343 2546; x_wconf 79' lang='grc' dir='ltr'><em>σπουδαῖα</em></span> <span class='ocrx_word' id='word_1_145' title='bbox 1381 2491 1578 2561; x_wconf 84' lang='grc' dir='ltr'><em>συνέβη</em></span> <span class='ocrx_word' id='word_1_146' title='bbox 1614 2495 1869 2564; x_wconf 78' lang='grc' dir='ltr'><em>γραφαῖς</em></span> <span class='ocrx_word' id='word_1_147' title='bbox 1906 2510 2051 2547; x_wconf 84' lang='grc' dir='ltr'><em>τισιν</em></span> <span class='ocrx_word' id='word_1_148' title='bbox 2087 2487 2342 2565; x_wconf 72' lang='grc' dir='ltr'><em>ἐντυχεῖν</em></span> <span class='ocrx_word' id='word_1_149' title='bbox 2374 2498 2636 2562; x_wconf 85' lang='grc' dir='ltr'><em>βαρβαρι-</em></span> 
     </span>
     <span class='ocr_line' id='line_1_20' title="bbox 320 2573 2639 2652; baseline 0 -23"><span class='ocrx_word' id='word_1_150' title='bbox 320 2581 464 2642; x_wconf 79' lang='grc' dir='ltr'>καῖς,</span> <span class='ocrx_word' id='word_1_151' title='bbox 502 2578 900 2651; x_wconf 80' lang='grc' dir='ltr'><strong><em>πρεσβυτέραις</em></strong></span> <span class='ocrx_word' id='word_1_152' title='bbox 931 2575 1040 2651; x_wconf 80' lang='grc' dir='ltr'><strong>μὲν</strong></span> <span class='ocrx_word' id='word_1_153' title='bbox 1079 2575 1151 2637; x_wconf 82' lang='grc' dir='ltr'><strong>ὡς</strong></span> <span class='ocrx_word' id='word_1_154' title='bbox 1189 2573 1328 2648; x_wconf 80' lang='grc' dir='ltr'><em>πρὸς</em></span> <span class='ocrx_word' id='word_1_155' title='bbox 1374 2574 1441 2631; x_wconf 78' lang='grc' dir='ltr'><strong>τὰ</strong></span> <span class='ocrx_word' id='word_1_156' title='bbox 1471 2574 1756 2647; x_wconf 70' lang='grc' dir='ltr'><em>Ἑλλήνων</em></span> <span class='ocrx_word' id='word_1_157' title='bbox 1793 2573 2072 2652; x_wconf 58' lang='grc' dir='ltr'><strong>δείγματα,</strong></span> <span class='ocrx_word' id='word_1_158' title='bbox 2120 2578 2359 2632; x_wconf 69' lang='grc' dir='ltr'><em>θειοτέ</em></span> <span class='ocrx_word' id='word_1_159' title='bbox 2372 2596 2529 2649; x_wconf 81' lang='grc' dir='ltr'><em>ραις</em></span> <span class='ocrx_word' id='word_1_160' title='bbox 2576 2575 2639 2630; x_wconf 77' lang='grc' dir='ltr'><strong>δὲ</strong></span> 
     </span>
     <span class='ocr_line' id='line_1_21' title="bbox 324 2658 2641 2736; baseline 0 -21"><span class='ocrx_word' id='word_1_161' title='bbox 324 2659 396 2721; x_wconf 78' lang='grc' dir='ltr'><strong>ὥς</strong></span> <span class='ocrx_word' id='word_1_162' title='bbox 443 2659 580 2734; x_wconf 82' lang='grc' dir='ltr'><em>πρὸς</em></span> <span class='ocrx_word' id='word_1_163' title='bbox 617 2659 717 2733; x_wconf 72' lang='grc' dir='ltr'><strong>τὴν</strong></span> <span class='ocrx_word' id='word_1_164' title='bbox 754 2658 988 2717; x_wconf 78' lang='grc' dir='ltr'><em>ἐκείνων</em></span> <span class='ocrx_word' id='word_1_165' title='bbox 1023 2659 1267 2733; x_wconf 77' lang='grc' dir='ltr'><em>πλάνην·</em></span> <span class='ocrx_word' id='word_1_166' title='bbox 1313 2664 1410 2715; x_wconf 78' lang='grc' dir='ltr'><strong>καί</strong></span> <span class='ocrx_word' id='word_1_167' title='bbox 1452 2681 1550 2736; x_wconf 84' lang='grc' dir='ltr'><strong>μοι</strong></span> <span class='ocrx_word' id='word_1_168' title='bbox 1588 2666 1899 2733; x_wconf 68' lang='grc' dir='ltr'><em>πεισθῆναι</em></span> <span class='ocrx_word' id='word_1_169' title='bbox 1942 2659 2168 2723; x_wconf 77' lang='grc' dir='ltr'><strong><em>ταύταις</em></strong></span> <span class='ocrx_word' id='word_1_170' title='bbox 2211 2663 2411 2734; x_wconf 80' lang='grc' dir='ltr'><em>συνέβη</em></span> <span class='ocrx_word' id='word_1_171' title='bbox 2449 2658 2546 2717; x_wconf 77' lang='grc' dir='ltr'><strong>διά</strong></span> <span class='ocrx_word' id='word_1_172' title='bbox 2578 2680 2641 2716; x_wconf 81' lang='grc' dir='ltr'><strong>τε</strong></span> 
     </span>
     <span class='ocr_line' id='line_1_22' title="bbox 321 2744 2640 2823; baseline 0.001 -22"><span class='ocrx_word' id='word_1_173' title='bbox 321 2751 436 2802; x_wconf 78' lang='grc' dir='ltr'><strong>τῶν</strong></span> <span class='ocrx_word' id='word_1_174' title='bbox 471 2746 678 2807; x_wconf 76' lang='grc' dir='ltr'><em>λέξεων</em></span> <span class='ocrx_word' id='word_1_175' title='bbox 712 2744 772 2803; x_wconf 78' lang='grc' dir='ltr'><strong>τὸ</strong></span> <span class='ocrx_word' id='word_1_176' title='bbox 807 2747 1028 2819; x_wconf 30' lang='grc' dir='ltr'><em>ἄτυφον,</em></span> <span class='ocrx_word' id='word_1_177' title='bbox 1058 2792 1071 2805; x_wconf 94' lang='grc'><strong>.</strong></span> <span class='ocrx_word' id='word_1_178' title='bbox 1099 2792 1110 2803; x_wconf 95' lang='grc'><strong>.</strong></span> <span class='ocrx_word' id='word_1_179' title='bbox 1138 2791 1151 2803; x_wconf 92' lang='grc'><strong>.</strong></span> <span class='ocrx_word' id='word_1_180' title='bbox 1178 2792 1189 2803; x_wconf 93' lang='grc'><strong>.</strong></span> <span class='ocrx_word' id='word_1_181' title='bbox 1226 2749 1344 2802; x_wconf 76' lang='grc' dir='ltr'><strong>καὶ</strong></span> <span class='ocrx_word' id='word_1_182' title='bbox 1388 2750 1517 2802; x_wconf 79' lang='grc' dir='ltr'><strong>τῶν</strong></span> <span class='ocrx_word' id='word_1_183' title='bbox 1550 2745 1943 2820; x_wconf 74' lang='grc' dir='ltr'><em>μελλόντων</em></span> <span class='ocrx_word' id='word_1_184' title='bbox 1985 2746 2058 2803; x_wconf 81' lang='grc' dir='ltr'><strong>τὸ</strong></span> <span class='ocrx_word' id='word_1_185' title='bbox 2100 2745 2640 2823; x_wconf 81' lang='grc' dir='ltr'><em>προγνωστικὸν.</em></span> 
     </span>
     <span class='ocr_line' id='line_1_23' title="bbox 323 2832 2638 2907; baseline -0 -19"><span class='ocrx_word' id='word_1_186' title='bbox 323 2864 387 2874; x_wconf 92' lang='lat'><strong>—-</strong></span> <span class='ocrx_word' id='word_1_187' title='bbox 434 2837 613 2907; x_wconf 78' lang='lat' dir='ltr'><strong>Suppl.</strong></span> <span class='ocrx_word' id='word_1_188' title='bbox 643 2853 745 2906; x_wconf 79' lang='lat' dir='ltr'><strong>pro</strong></span> <span class='ocrx_word' id='word_1_189' title='bbox 796 2835 913 2890; x_wconf 70' lang='lat' dir='ltr'><strong>C&#39;ltr.</strong></span> <span class='ocrx_word' id='word_1_190' title='bbox 952 2851 995 2889; x_wconf 79' lang='lat' dir='ltr'><strong>c,</strong></span> <span class='ocrx_word' id='word_1_191' title='bbox 1024 2840 1070 2903; x_wconf 83' lang='grc' dir='ltr'>Ἰ,</span> <span class='ocrx_word' id='word_1_192' title='bbox 1119 2852 1173 2903; x_wconf 92' lang='lat' dir='ltr'><strong>p.</strong></span> <span class='ocrx_word' id='word_1_193' title='bbox 1199 2836 1283 2888; x_wconf 83' lang='lat'><strong>36.</strong></span> <span class='ocrx_word' id='word_1_194' title='bbox 1371 2832 1478 2889; x_wconf 80' lang='lat' dir='ltr'><strong>Cfr.</strong></span> <span class='ocrx_word' id='word_1_195' title='bbox 1525 2837 2030 2901; x_wconf 80' lang='lat' dir='ltr'><strong>Tertullianum,</strong></span> <span class='ocrx_word' id='word_1_196' title='bbox 2079 2838 2161 2890; x_wconf 86' lang='lat' dir='ltr'><strong>De</strong></span> <span class='ocrx_word' id='word_1_197' title='bbox 2187 2840 2450 2906; x_wconf 74' lang='lat' dir='ltr'><strong>pudicitia</strong></span> <span class='ocrx_word' id='word_1_198' title='bbox 2494 2851 2539 2892; x_wconf 85' lang='lat' dir='ltr'><strong>c.</strong></span> <span class='ocrx_word' id='word_1_199' title='bbox 2574 2836 2638 2888; x_wconf 87' lang='lat'><strong>21</strong></span> 
     </span>
     <span class='ocr_line' id='line_1_24' title="bbox 335 2918 2643 2991; baseline -0.001 -16"><span class='ocrx_word' id='word_1_200' title='bbox 335 2919 441 2988; x_wconf 88' lang='lat' dir='ltr'><strong>(ed.</strong></span> <span class='ocrx_word' id='word_1_201' title='bbox 469 2920 733 2976; x_wconf 89' lang='lat' dir='ltr'><strong>Oehlerus</strong></span> <span class='ocrx_word' id='word_1_202' title='bbox 770 2920 831 2976; x_wconf 88' lang='lat' dir='ltr'><strong>T.</strong></span> <span class='ocrx_word' id='word_1_203' title='bbox 857 2920 900 2988; x_wconf 88' lang='grc' dir='ltr'>Ι,</span> <span class='ocrx_word' id='word_1_204' title='bbox 938 2938 987 2989; x_wconf 91' lang='lat' dir='ltr'><strong>p.</strong></span> <span class='ocrx_word' id='word_1_205' title='bbox 1016 2922 1164 2985; x_wconf 85' lang='lat'>842):</span> <span class='ocrx_word' id='word_1_206' title='bbox 1201 2918 1408 2973; x_wconf 82' lang='lat' dir='ltr'><strong>Exhibe</strong></span> <span class='ocrx_word' id='word_1_207' title='bbox 1433 2919 1562 2974; x_wconf 89' lang='lat' dir='ltr'><strong>mihi</strong></span> <span class='ocrx_word' id='word_1_208' title='bbox 1597 2920 1918 2989; x_wconf 87' lang='lat' dir='ltr'><strong>prophetica</strong></span> <span class='ocrx_word' id='word_1_209' title='bbox 1954 2922 2226 2990; x_wconf 86' lang='lat' dir='ltr'><strong>exempla,</strong></span> <span class='ocrx_word' id='word_1_210' title='bbox 2263 2929 2325 2976; x_wconf 89' lang='lat' dir='ltr'><strong>ut</strong></span> <span class='ocrx_word' id='word_1_211' title='bbox 2358 2935 2643 2991; x_wconf 83' lang='lat' dir='ltr'><strong>agnoscam</strong></span> 
     </span>
     <span class='ocr_line' id='line_1_25' title="bbox 329 3006 2640 3077; baseline -0 -17"><span class='ocrx_word' id='word_1_212' title='bbox 329 3007 680 3062; x_wconf 79' lang='lat' dir='ltr'><strong>divinitatem.</strong></span> <span class='ocrx_word' id='word_1_213' title='bbox 735 3009 1102 3077; x_wconf 77' lang='lat' dir='ltr'><strong>Oriyinem,</strong></span> <span class='ocrx_word' id='word_1_214' title='bbox 1142 3006 1332 3060; x_wconf 72' lang='lat' dir='ltr'><strong>Gmtra</strong></span> <span class='ocrx_word' id='word_1_215' title='bbox 1363 3007 1562 3059; x_wconf 76' lang='lat' dir='ltr'><strong>Celsum</strong></span> <span class='ocrx_word' id='word_1_216' title='bbox 1586 3006 1774 3072; x_wconf 86' lang='lat' dir='ltr'><strong>V1,10</strong></span> <span class='ocrx_word' id='word_1_217' title='bbox 1804 3006 1908 3069; x_wconf 90' lang='lat' dir='ltr'><strong>(ed.</strong></span> <span class='ocrx_word' id='word_1_218' title='bbox 1931 3007 2000 3062; x_wconf 90' lang='lat' dir='ltr'><strong>de</strong></span> <span class='ocrx_word' id='word_1_219' title='bbox 2027 3008 2082 3060; x_wconf 83' lang='lat' dir='ltr'><strong>la</strong></span> <span class='ocrx_word' id='word_1_220' title='bbox 2105 3007 2224 3062; x_wconf 87' lang='lat' dir='ltr'><strong>Rue</strong></span> <span class='ocrx_word' id='word_1_221' title='bbox 2251 3008 2311 3062; x_wconf 88' lang='lat' dir='ltr'><strong>T.</strong></span> <span class='ocrx_word' id='word_1_222' title='bbox 2332 3009 2375 3075; x_wconf 96' lang='grc' dir='ltr'>Ι,</span> <span class='ocrx_word' id='word_1_223' title='bbox 2413 3024 2465 3077; x_wconf 93' lang='lat' dir='ltr'><strong>p.</strong></span> <span class='ocrx_word' id='word_1_224' title='bbox 2493 3010 2640 3071; x_wconf 77' lang='lat'><strong>637):</strong></span> 
     </span>
     <span class='ocr_line' id='line_1_26' title="bbox 332 3086 2643 3193; baseline 0 -49"><span class='ocrx_word' id='word_1_225' title='bbox 332 3090 405 3145; x_wconf 79' lang='grc' dir='ltr'><strong>Ἰὸ</strong></span> <span class='ocrx_word' id='word_1_226' title='bbox 440 3090 552 3167; x_wconf 78' lang='grc' dir='ltr'><em>γὰρ</em></span> <span class='ocrx_word' id='word_1_227' title='bbox 577 3095 988 3193; x_wconf 47' lang='grc' dir='ltr'><em>χαρακτηρίζοτν</em></span> <span class='ocrx_word' id='word_1_228' title='bbox 1020 3088 1121 3161; x_wconf 66' lang='grc' dir='ltr'><em>τήν</em></span> <span class='ocrx_word' id='word_1_229' title='bbox 1146 3087 1380 3161; x_wconf 54' lang='lat' dir='ltr'><strong>&amp;eornm</strong></span> <span class='ocrx_word' id='word_1_230' title='bbox 1408 3087 1438 3161; x_wconf 80' lang='grc' dir='ltr'><em>ἡ</em></span> <span class='ocrx_word' id='word_1_231' title='bbox 1467 3092 1597 3162; x_wconf 76' lang='grc' dir='ltr'><em>περὶ</em></span> <span class='ocrx_word' id='word_1_232' title='bbox 1620 3086 1936 3163; x_wconf 74' lang='grc' dir='ltr'><em>μελλίιτων</em></span> <span class='ocrx_word' id='word_1_233' title='bbox 1961 3089 2114 3145; x_wconf 80' lang='grc' dir='ltr'><em>ἐστὶν</em></span> <span class='ocrx_word' id='word_1_234' title='bbox 2142 3089 2459 3163; x_wconf 74' lang='grc' dir='ltr'><em>ἀπαγγελία</em></span> <span class='ocrx_word' id='word_1_235' title='bbox 2485 3122 2544 3132; x_wconf 89' lang='lat'><strong>—-—</strong></span> <span class='ocrx_word' id='word_1_236' title='bbox 2574 3121 2643 3132; x_wconf 91' lang='lat'><strong>-—</strong></span> 
     </span>
     <span class='ocr_line' id='line_1_27' title="bbox 325 3165 2643 3315; baseline -0 -83"><span class='ocrx_word' id='word_1_237' title='bbox 325 3179 410 3237; x_wconf 70' lang='grc' dir='ltr'><strong>ὅτι</strong></span> <span class='ocrx_word' id='word_1_238' title='bbox 454 3183 619 3232; x_wconf 73' lang='grc' dir='ltr'><em>θεῖον</em></span> <span class='ocrx_word' id='word_1_239' title='bbox 665 3179 889 3248; x_wconf 76' lang='grc' dir='ltr'><em>πνεῦμα</em></span> <span class='ocrx_word' id='word_1_240' title='bbox 939 3165 1010 3247; x_wconf 67' lang='grc' dir='ltr'><strong>ἦν</strong></span> <span class='ocrx_word' id='word_1_241' title='bbox 1053 3172 1113 3230; x_wconf 82' lang='grc' dir='ltr'><strong>τὸ</strong></span> <span class='ocrx_word' id='word_1_242' title='bbox 1157 3180 1325 3230; x_wconf 79' lang='grc' dir='ltr'><em>ταῦτα</em></span> <span class='ocrx_word' id='word_1_243' title='bbox 1373 3173 1746 3248; x_wconf 81' lang='grc' dir='ltr'><em>απαγγέλλοι.</em></span> <span class='ocrx_word' id='word_1_244' title='bbox 1823 3178 2197 3234; x_wconf 77' lang='lat' dir='ltr'><strong>Clementem</strong></span> <span class='ocrx_word' id='word_1_245' title='bbox 2246 3181 2643 3315; x_wconf 46' lang='lat' dir='ltr'><strong>Alexandri}</strong></span> 
     </span>
     <span class='ocr_line' id='line_1_28' title="bbox 323 3255 2517 3335; baseline -0 -15"><span class='ocrx_word' id='word_1_246' title='bbox 323 3285 489 3330; x_wconf 78' lang='lat' dir='ltr'><strong>num,</strong></span> <span class='ocrx_word' id='word_1_247' title='bbox 535 3259 719 3334; x_wconf 66' lang='lat'><strong>116205</strong></span> <span class='ocrx_word' id='word_1_248' title='bbox 757 3257 1158 3332; x_wconf 80' lang='grc' dir='ltr'><em>προτρεπτικὸς</em></span> <span class='ocrx_word' id='word_1_249' title='bbox 1205 3258 1345 3332; x_wconf 81' lang='grc' dir='ltr'><em>πρὸς</em></span> <span class='ocrx_word' id='word_1_250' title='bbox 1369 3262 1641 3331; x_wconf 71' lang='grc' dir='ltr'><em>’Έλληνας</em></span> <span class='ocrx_word' id='word_1_251' title='bbox 1687 3279 1732 3318; x_wconf 83' lang='lat' dir='ltr'><strong>e.</strong></span> <span class='ocrx_word' id='word_1_252' title='bbox 1770 3265 1804 3317; x_wconf 90' lang='lat'>8</span> <span class='ocrx_word' id='word_1_253' title='bbox 1856 3262 1973 3329; x_wconf 88' lang='lat' dir='ltr'><strong>(ed.</strong></span> <span class='ocrx_word' id='word_1_254' title='bbox 2011 3255 2273 3319; x_wconf 85' lang='lat' dir='ltr'><strong>Potterus</strong></span> <span class='ocrx_word' id='word_1_255' title='bbox 2306 3281 2363 3335; x_wconf 89' lang='lat' dir='ltr'><strong>p.</strong></span> <span class='ocrx_word' id='word_1_256' title='bbox 2402 3267 2517 3330; x_wconf 76' lang='grc'><strong>65).</strong></span> 
     </span>
     <span class='ocr_line' id='line_1_29' title="bbox 325 3344 2644 3425; baseline -0.001 -21"><span class='ocrx_word' id='word_1_257' title='bbox 325 3351 570 3423; x_wconf 78' lang='grc' dir='ltr'><em>χρησμοι</em></span> <span class='ocrx_word' id='word_1_258' title='bbox 604 3347 699 3407; x_wconf 78' lang='grc' dir='ltr'><strong>τὰς</strong></span> <span class='ocrx_word' id='word_1_259' title='bbox 735 3347 817 3407; x_wconf 73' lang='grc' dir='ltr'><strong>εἷς</strong></span> <span class='ocrx_word' id='word_1_260' title='bbox 853 3365 954 3417; x_wconf 81' lang='grc' dir='ltr'><strong>την</strong></span> <span class='ocrx_word' id='word_1_261' title='bbox 989 3346 1322 3416; x_wconf 70' lang='grc' dir='ltr'><strong>θεοσέβειαν</strong></span> <span class='ocrx_word' id='word_1_262' title='bbox 1356 3346 1492 3419; x_wconf 74' lang='grc' dir='ltr'><em>ἡμῖν</em></span> <span class='ocrx_word' id='word_1_263' title='bbox 1519 3345 1783 3420; x_wconf 78' lang='grc' dir='ltr'><em>ἀφορμὰς</em></span> <span class='ocrx_word' id='word_1_264' title='bbox 1818 3344 2222 3422; x_wconf 76' lang='grc' dir='ltr'><em>ἐνιργεστάτας</em></span> <span class='ocrx_word' id='word_1_265' title='bbox 2256 3352 2644 3425; x_wconf 77' lang='grc' dir='ltr'><strong>προτείνοντες</strong></span> 
     </span>
     <span class='ocr_line' id='line_1_30' title="bbox 325 3427 1112 3508; baseline -0.004 -19"><span class='ocrx_word' id='word_1_266' title='bbox 325 3436 589 3508; x_wconf 76' lang='grc' dir='ltr'><em>θεμελιοι</em></span> <span class='ocrx_word' id='word_1_267' title='bbox 591 3453 652 3489; x_wconf 90' lang='grc' dir='ltr'><strong>σι</strong></span> <span class='ocrx_word' id='word_1_268' title='bbox 687 3431 789 3505; x_wconf 73' lang='grc' dir='ltr'><strong>τὴν</strong></span> <span class='ocrx_word' id='word_1_269' title='bbox 823 3427 1112 3506; x_wconf 74' lang='grc' dir='ltr'><em>ἀλήθειαν.</em></span> 
     </span>
    </p>

    <p class='ocr_par' dir='ltr' id='par_1_7' title="bbox 328 3514 2652 4451">
     <span class='ocr_line' id='line_1_31' title="bbox 384 3514 2639 3597; baseline -0.001 -22"><span class='ocrx_word' id='word_1_270' title='bbox 384 3521 391 3526; x_wconf 79' lang='grc'><strong>’</strong></span> <span class='ocrx_word' id='word_1_271' title='bbox 464 3521 490 3562; x_wconf 82' lang='lat'><em>2</em></span> <span class='ocrx_word' id='word_1_272' title='bbox 537 3524 688 3592; x_wconf 77' lang='lat' dir='ltr'><strong>Apol.</strong></span> <span class='ocrx_word' id='word_1_273' title='bbox 714 3522 759 3590; x_wconf 82' lang='lat' dir='ltr'><strong>I,</strong></span> <span class='ocrx_word' id='word_1_274' title='bbox 792 3523 878 3590; x_wconf 84' lang='lat'><strong>33,</strong></span> <span class='ocrx_word' id='word_1_275' title='bbox 915 3538 969 3592; x_wconf 87' lang='lat' dir='ltr'><strong>p.</strong></span> <span class='ocrx_word' id='word_1_276' title='bbox 994 3523 1120 3574; x_wconf 81' lang='lat'>206:</span> <span class='ocrx_word' id='word_1_277' title='bbox 1150 3515 1212 3570; x_wconf 79' lang='grc' dir='ltr'><strong><em>Ἃ</em></strong></span> <span class='ocrx_word' id='word_1_278' title='bbox 1237 3514 1348 3589; x_wconf 73' lang='grc' dir='ltr'><em>γὰρ</em></span> <span class='ocrx_word' id='word_1_279' title='bbox 1383 3516 1456 3588; x_wconf 73' lang='grc' dir='ltr'><strong>ἦν</strong></span> <span class='ocrx_word' id='word_1_280' title='bbox 1479 3515 1685 3572; x_wconf 69' lang='grc' dir='ltr'><em>ἄπιστα</em></span> <span class='ocrx_word' id='word_1_281' title='bbox 1709 3520 1820 3573; x_wconf 77' lang='grc' dir='ltr'><strong>καὶ</strong></span> <span class='ocrx_word' id='word_1_282' title='bbox 1840 3516 2091 3574; x_wconf 73' lang='grc' dir='ltr'><em>ἀδύνατα</em></span> <span class='ocrx_word' id='word_1_283' title='bbox 2127 3518 2462 3597; x_wconf 74' lang='grc' dir='ltr'><em>νομιζομενα</em></span> <span class='ocrx_word' id='word_1_284' title='bbox 2489 3518 2639 3591; x_wconf 68' lang='grc' dir='ltr'><em>παρὰ</em></span> 
     </span>
     <span class='ocr_line' id='line_1_32' title="bbox 328 3600 2648 3705; baseline 0 -46"><span class='ocrx_word' id='word_1_285' title='bbox 328 3611 442 3666; x_wconf 78' lang='grc' dir='ltr'><strong>τοῖς</strong></span> <span class='ocrx_word' id='word_1_286' title='bbox 479 3604 805 3678; x_wconf 74' lang='grc' dir='ltr'><em>ἀνθρώποις</em></span> <span class='ocrx_word' id='word_1_287' title='bbox 841 3602 1208 3678; x_wconf 71' lang='grc' dir='ltr'><em>γενήσεσθαι,</em></span> <span class='ocrx_word' id='word_1_288' title='bbox 1248 3623 1346 3657; x_wconf 80' lang='grc' dir='ltr'><strong>ται</strong></span> <span class='ocrx_word' id='word_1_289' title='bbox 1350 3622 1413 3657; x_wconf 84' lang='grc' dir='ltr'><strong>τα</strong></span> <span class='ocrx_word' id='word_1_290' title='bbox 1440 3600 1468 3656; x_wconf 83' lang='grc' dir='ltr'><strong>ὅ</strong></span> <span class='ocrx_word' id='word_1_291' title='bbox 1497 3602 1629 3663; x_wconf 75' lang='grc' dir='ltr'><strong>θεὸς</strong></span> <span class='ocrx_word' id='word_1_292' title='bbox 1658 3601 2008 3679; x_wconf 73' lang='grc' dir='ltr'><em>προεμήνυσε</em></span> <span class='ocrx_word' id='word_1_293' title='bbox 2041 3605 2136 3661; x_wconf 75' lang='grc' dir='ltr'><strong>διὰ</strong></span> <span class='ocrx_word' id='word_1_294' title='bbox 2162 3610 2258 3662; x_wconf 77' lang='grc' dir='ltr'><strong>τοῦ</strong></span> <span class='ocrx_word' id='word_1_295' title='bbox 2296 3609 2648 3705; x_wconf 76' lang='grc' dir='ltr'><em>προφητικοῢ</em></span> 
     </span>
     <span class='ocr_line' id='line_1_33' title="bbox 328 3686 2646 3769; baseline -0 -24"><span class='ocrx_word' id='word_1_296' title='bbox 328 3709 641 3765; x_wconf 78' lang='grc' dir='ltr'><em>πνευματος</em></span> <span class='ocrx_word' id='word_1_297' title='bbox 675 3693 906 3767; x_wconf 81' lang='grc' dir='ltr'><strong>μέλλειν</strong></span> <span class='ocrx_word' id='word_1_298' title='bbox 940 3691 1243 3764; x_wconf 72' lang='grc' dir='ltr'><em>γενέσθαι,</em></span> <span class='ocrx_word' id='word_1_299' title='bbox 1295 3687 1364 3743; x_wconf 75' lang='grc' dir='ltr'><em>ἵν’</em></span> <span class='ocrx_word' id='word_1_300' title='bbox 1384 3688 1535 3743; x_wconf 56' lang='grc' dir='ltr'><em>ὅταν</em></span> <span class='ocrx_word' id='word_1_301' title='bbox 1564 3686 1799 3762; x_wconf 11' lang='grc' dir='ltr'><em>,γένηται</em></span> <span class='ocrx_word' id='word_1_302' title='bbox 1844 3689 1921 3764; x_wconf 74' lang='grc' dir='ltr'><strong>μὴ</strong></span> <span class='ocrx_word' id='word_1_303' title='bbox 1961 3691 2265 3769; x_wconf 64' lang='lat' dir='ltr'><strong>‹incarn-92⁰2,</strong></span> <span class='ocrx_word' id='word_1_304' title='bbox 2303 3691 2419 3747; x_wconf 75' lang='grc' dir='ltr'><strong>ἄλλ</strong></span> <span class='ocrx_word' id='word_1_305' title='bbox 2458 3689 2519 3746; x_wconf 79' lang='grc' dir='ltr'><strong>ἐκ</strong></span> <span class='ocrx_word' id='word_1_306' title='bbox 2552 3696 2646 3747; x_wconf 76' lang='grc' dir='ltr'><strong>τοῦ</strong></span> 
     </span>
     <span class='ocr_line' id='line_1_34' title="bbox 328 3775 2650 3853; baseline 0.002 -22"><span class='ocrx_word' id='word_1_307' title='bbox 328 3781 707 3852; x_wconf 73' lang='grc' dir='ltr'><strong>προειρῆσθαι</strong></span> <span class='ocrx_word' id='word_1_308' title='bbox 744 3781 1037 3853; x_wconf 70' lang='grc' dir='ltr'><strong>πιστευθῇ.</strong></span> <span class='ocrx_word' id='word_1_309' title='bbox 1075 3807 1141 3817; x_wconf 91' lang='lat'><strong>—-</strong></span> <span class='ocrx_word' id='word_1_310' title='bbox 1180 3775 1466 3844; x_wconf 76' lang='lat' dir='ltr'><strong>Quantum</strong></span> <span class='ocrx_word' id='word_1_311' title='bbox 1485 3777 1806 3846; x_wconf 78' lang='lat' dir='ltr'><strong>apologetae</strong></span> <span class='ocrx_word' id='word_1_312' title='bbox 1842 3779 2108 3834; x_wconf 85' lang='lat' dir='ltr'><strong>vaticiniis</strong></span> <span class='ocrx_word' id='word_1_313' title='bbox 2140 3779 2446 3848; x_wconf 82' lang='lat' dir='ltr'><strong>tribuerint,</strong></span> <span class='ocrx_word' id='word_1_314' title='bbox 2486 3780 2650 3835; x_wconf 83' lang='lat' dir='ltr'><strong>etiam</strong></span> 
     </span>
     <span class='ocr_line' id='line_1_35' title="bbox 330 3863 2652 3935; baseline 0.001 -17"><span class='ocrx_word' id='word_1_315' title='bbox 330 3864 454 3920; x_wconf 84' lang='lat' dir='ltr'><strong>inde</strong></span> <span class='ocrx_word' id='word_1_316' title='bbox 502 3865 868 3935; x_wconf 84' lang='lat' dir='ltr'><strong>cognoscitur,</strong></span> <span class='ocrx_word' id='word_1_317' title='bbox 918 3863 1060 3932; x_wconf 88' lang='lat' dir='ltr'><strong>quod</strong></span> <span class='ocrx_word' id='word_1_318' title='bbox 1098 3863 1154 3916; x_wconf 90' lang='lat' dir='ltr'><strong>in</strong></span> <span class='ocrx_word' id='word_1_319' title='bbox 1191 3878 1375 3917; x_wconf 87' lang='lat' dir='ltr'><strong>eorum</strong></span> <span class='ocrx_word' id='word_1_320' title='bbox 1423 3877 1637 3931; x_wconf 86' lang='lat' dir='ltr'><strong>quoque</strong></span> <span class='ocrx_word' id='word_1_321' title='bbox 1673 3864 1887 3934; x_wconf 89' lang='lat' dir='ltr'><strong>scriptis</strong></span> <span class='ocrx_word' id='word_1_322' title='bbox 1940 3881 2215 3934; x_wconf 89' lang='lat' dir='ltr'><strong>nunquam</strong></span> <span class='ocrx_word' id='word_1_323' title='bbox 2258 3865 2382 3919; x_wconf 88' lang='lat' dir='ltr'><strong>libri</strong></span> <span class='ocrx_word' id='word_1_324' title='bbox 2399 3865 2652 3931; x_wconf 69' lang='lat' dir='ltr'><strong>⁸versioni</strong></span> 
     </span>
     <span class='ocr_line' id='line_1_36' title="bbox 333 3946 2649 4023; baseline 0.001 -19"><span class='ocrx_word' id='word_1_325' title='bbox 333 3950 732 4006; x_wconf 76' lang='lat' dir='ltr'><strong>Alexandrinae</strong></span> <span class='ocrx_word' id='word_1_326' title='bbox 756 3948 925 4006; x_wconf 87' lang='lat' dir='ltr'><strong>additi</strong></span> <span class='ocrx_word' id='word_1_327' title='bbox 949 3948 1268 4017; x_wconf 73' lang='lat' dir='ltr'><strong>allegantur,</strong></span> <span class='ocrx_word' id='word_1_328' title='bbox 1308 3953 1367 4001; x_wconf 90' lang='lat' dir='ltr'><strong>at</strong></span> <span class='ocrx_word' id='word_1_329' title='bbox 1388 3946 1511 4001; x_wconf 86' lang='lat' dir='ltr'><strong>libri</strong></span> <span class='ocrx_word' id='word_1_330' title='bbox 1537 3947 2072 4020; x_wconf 80' lang='lat' dir='ltr'><strong>pseudoprophet-ici,</strong></span> <span class='ocrx_word' id='word_1_331' title='bbox 2110 3953 2357 4007; x_wconf 69' lang='lat' dir='ltr'><strong>vaticinia</strong></span> <span class='ocrx_word' id='word_1_332' title='bbox 2390 3954 2649 4023; x_wconf 74' lang='lat' dir='ltr'><strong>Sibyllina</strong></span> 
     </span>
     <span class='ocr_line' id='line_1_37' title="bbox 336 4032 2650 4109; baseline 0 -19"><span class='ocrx_word' id='word_1_333' title='bbox 336 4043 390 4090; x_wconf 84' lang='lat' dir='ltr'><strong>et</strong></span> <span class='ocrx_word' id='word_1_334' title='bbox 433 4039 718 4109; x_wconf 59' lang='lat' dir='ltr'><strong>Hystaspis</strong></span> <span class='ocrx_word' id='word_1_335' title='bbox 748 4050 869 4104; x_wconf 81' lang='lat' dir='ltr'><strong>-pto</strong></span> <span class='ocrx_word' id='word_1_336' title='bbox 918 4033 1191 4102; x_wconf 78' lang='lat' dir='ltr'><strong>inspiratis</strong></span> <span class='ocrx_word' id='word_1_337' title='bbox 1236 4032 1505 4087; x_wconf 82' lang='lat' dir='ltr'><strong>habentur</strong></span> <span class='ocrx_word' id='word_1_338' title='bbox 1561 4039 1616 4087; x_wconf 90' lang='lat' dir='ltr'><strong>et</strong></span> <span class='ocrx_word' id='word_1_339' title='bbox 1670 4034 2003 4105; x_wconf 85' lang='lat' dir='ltr'><strong>propheticis</strong></span> <span class='ocrx_word' id='word_1_340' title='bbox 2049 4036 2264 4091; x_wconf 83' lang='lat' dir='ltr'><strong>Veteris</strong></span> <span class='ocrx_word' id='word_1_341' title='bbox 2316 4038 2650 4092; x_wconf 82' lang='lat' dir='ltr'><strong>Testamenti</strong></span> 
     </span>
     <span class='ocr_line' id='line_1_38' title="bbox 340 4117 2649 4195; baseline 0 -19"><span class='ocrx_word' id='word_1_342' title='bbox 340 4123 614 4192; x_wconf 85' lang='lat' dir='ltr'><strong>scripturis</strong></span> <span class='ocrx_word' id='word_1_343' title='bbox 639 4121 1078 4190; x_wconf 77' lang='lat' dir='ltr'><strong>aequiparantur.</strong></span> <span class='ocrx_word' id='word_1_344' title='bbox 1128 4117 1236 4174; x_wconf 89' lang='lat' dir='ltr'><strong>Cfr.</strong></span> <span class='ocrx_word' id='word_1_345' title='bbox 1269 4119 1387 4174; x_wconf 77' lang='lat' dir='ltr'><strong>Coh.</strong></span> <span class='ocrx_word' id='word_1_346' title='bbox 1417 4122 1490 4173; x_wconf 84' lang='lat' dir='ltr'><strong>ad</strong></span> <span class='ocrx_word' id='word_1_347' title='bbox 1520 4121 1611 4174; x_wconf 85' lang='lat' dir='ltr'><strong>Gr.</strong></span> <span class='ocrx_word' id='word_1_348' title='bbox 1648 4136 1693 4174; x_wconf 84' lang='lat' dir='ltr'><strong>c.</strong></span> <span class='ocrx_word' id='word_1_349' title='bbox 1720 4124 1802 4175; x_wconf 82' lang='lat'><strong>37.</strong></span> <span class='ocrx_word' id='word_1_350' title='bbox 1829 4123 1911 4189; x_wconf 85' lang='lat'><strong>38,</strong></span> <span class='ocrx_word' id='word_1_351' title='bbox 1938 4138 1992 4191; x_wconf 93' lang='lat' dir='ltr'><strong>p.</strong></span> <span class='ocrx_word' id='word_1_352' title='bbox 2021 4125 2115 4175; x_wconf 88' lang='lat'><strong>102</strong></span> <span class='ocrx_word' id='word_1_353' title='bbox 2141 4138 2255 4192; x_wconf 86' lang='lat' dir='ltr'><strong>sqq.</strong></span> <span class='ocrx_word' id='word_1_354' title='bbox 2312 4128 2462 4195; x_wconf 83' lang='lat' dir='ltr'><strong>Apol.</strong></span> <span class='ocrx_word' id='word_1_355' title='bbox 2491 4123 2649 4192; x_wconf 88' lang='lat' dir='ltr'><strong>1,2o,</strong></span> 
     </span>
     <span class='ocr_line' id='line_1_39' title="bbox 337 4200 2650 4279; baseline -0 -18"><span class='ocrx_word' id='word_1_356' title='bbox 337 4224 390 4275; x_wconf 85' lang='lat' dir='ltr'><strong>p.</strong></span> <span class='ocrx_word' id='word_1_357' title='bbox 419 4210 542 4263; x_wconf 89' lang='grc'><strong>180.</strong></span> <span class='ocrx_word' id='word_1_358' title='bbox 603 4208 719 4261; x_wconf 85' lang='grc' dir='ltr'><strong>Καὶ</strong></span> <span class='ocrx_word' id='word_1_359' title='bbox 759 4204 999 4275; x_wconf 82' lang='grc' dir='ltr'><em>Σίβυλλα</em></span> <span class='ocrx_word' id='word_1_360' title='bbox 1047 4203 1109 4259; x_wconf 72' lang='grc' dir='ltr'><strong>δὲ</strong></span> <span class='ocrx_word' id='word_1_361' title='bbox 1156 4223 1249 4258; x_wconf 82' lang='grc' dir='ltr'><strong>και</strong></span> <span class='ocrx_word' id='word_1_362' title='bbox 1280 4200 1593 4274; x_wconf 79' lang='grc' dir='ltr'><em>Ὑστάσπης</em></span> <span class='ocrx_word' id='word_1_363' title='bbox 1648 4201 1994 4276; x_wconf 72' lang='grc' dir='ltr'><em>γενήσεσθαι</em></span> <span class='ocrx_word' id='word_1_364' title='bbox 2039 4210 2151 4261; x_wconf 80' lang='grc' dir='ltr'><em>τῶν</em></span> <span class='ocrx_word' id='word_1_365' title='bbox 2197 4211 2480 4279; x_wconf 75' lang='grc' dir='ltr'><em>φθαρτῶν</em></span> <span class='ocrx_word' id='word_1_366' title='bbox 2517 4206 2650 4262; x_wconf 75' lang='grc' dir='ltr'><em>ἅνα-</em></span> 
     </span>
     <span class='ocr_line' id='line_1_40' title="bbox 340 4288 2647 4367; baseline -0 -20"><span class='ocrx_word' id='word_1_367' title='bbox 340 4295 504 4349; x_wconf 89' lang='grc' dir='ltr'><em>λωσιν</em></span> <span class='ocrx_word' id='word_1_368' title='bbox 551 4291 647 4349; x_wconf 73' lang='grc' dir='ltr'><strong>διὰ</strong></span> <span class='ocrx_word' id='word_1_369' title='bbox 694 4288 869 4367; x_wconf 77' lang='grc' dir='ltr'><em>πυρὸς</em></span> <span class='ocrx_word' id='word_1_370' title='bbox 910 4289 1150 4362; x_wconf 80' lang='grc' dir='ltr'><em>ἔφασαν.</em></span> <span class='ocrx_word' id='word_1_371' title='bbox 1224 4293 1362 4346; x_wconf 82' lang='lat' dir='ltr'><strong>Ibid.</strong></span> <span class='ocrx_word' id='word_1_372' title='bbox 1412 4306 1455 4345; x_wconf 81' lang='grc' dir='ltr'><strong>ο.</strong></span> <span class='ocrx_word' id='word_1_373' title='bbox 1481 4292 1607 4359; x_wconf 84' lang='lat'><strong>44,</strong></span> <span class='ocrx_word' id='word_1_374' title='bbox 1600 4307 1680 4359; x_wconf 87' lang='lat' dir='ltr'><strong>p.</strong></span> <span class='ocrx_word' id='word_1_375' title='bbox 1711 4294 1839 4344; x_wconf 78' lang='lat'>226:</span> <span class='ocrx_word' id='word_1_376' title='bbox 1899 4292 2037 4347; x_wconf 75' lang='grc' dir='ltr'><strong>Κατ’</strong></span> <span class='ocrx_word' id='word_1_377' title='bbox 2074 4288 2373 4363; x_wconf 78' lang='grc' dir='ltr'><em>ἐνέργειαν</em></span> <span class='ocrx_word' id='word_1_378' title='bbox 2419 4291 2483 4345; x_wconf 73' lang='grc' dir='ltr'><strong>δὲ</strong></span> <span class='ocrx_word' id='word_1_379' title='bbox 2536 4296 2647 4346; x_wconf 78' lang='grc' dir='ltr'><em>τῶν</em></span> 
     </span>
     <span class='ocr_line' id='line_1_41' title="bbox 342 4371 2653 4468; baseline -0.001 -34"><span class='ocrx_word' id='word_1_380' title='bbox 342 4376 566 4449; x_wconf 80' lang='grc' dir='ltr'><em>φαυλων</em></span> <span class='ocrx_word' id='word_1_381' title='bbox 604 4374 899 4468; x_wconf 73' lang='grc' dir='ltr'><em>δαιμόνων</em></span> <span class='ocrx_word' id='word_1_382' title='bbox 922 4371 1166 4435; x_wconf 77' lang='grc' dir='ltr'><em>θάνατος</em></span> <span class='ocrx_word' id='word_1_383' title='bbox 1213 4372 1430 4447; x_wconf 72' lang='grc' dir='ltr'><em>ὡρίσθη</em></span> <span class='ocrx_word' id='word_1_384' title='bbox 1473 4372 1613 4430; x_wconf 77' lang='grc' dir='ltr'><strong>κατὰ</strong></span> <span class='ocrx_word' id='word_1_385' title='bbox 1663 4379 1774 4431; x_wconf 85' lang='grc' dir='ltr'><strong>τῶν</strong></span> <span class='ocrx_word' id='word_1_386' title='bbox 1816 4373 1914 4439; x_wconf 76' lang='grc' dir='ltr'><strong>τὰς</strong></span> <span class='ocrx_word' id='word_1_387' title='bbox 1949 4374 2260 4432; x_wconf 78' lang='grc' dir='ltr'><em>Ὑστάσπου</em></span> <span class='ocrx_word' id='word_1_388' title='bbox 2301 4374 2340 4447; x_wconf 82' lang='grc' dir='ltr'><strong><em>ἧ</em></strong></span> <span class='ocrx_word' id='word_1_389' title='bbox 2382 4374 2653 4448; x_wconf 79' lang='grc' dir='ltr'><em>Σιβύλλης</em></span> 
     </span>
    </p>
   </div>
  </div>
 </body>
</html>
