3264 5076
1607 425 1649 498 6

459 672 682 720 versus
713 653 1201 720 Deuteronomii
1232 651 1561 739 (XXXIV,
1593 658 1630 716 5
1664 652 1839 737 sqq.)
1886 672 1929 718 a
1961 657 2167 718 Josua
2212 650 2569 737 adscriptos
2597 671 2775 737 esse;

458 771 575 839 sed
635 792 718 838 ex
771 773 1039 837 aliorum
1098 773 1420 839 sententia
1474 772 1745 856 cogitari
1800 793 1930 838 non
1983 777 2227 858 potest,
2286 770 2449 836 libro
2496 771 2774 857 Thorae,

456 892 643 976 queni
696 893 914 958 Moses
967 890 1408 957 sacerdotibus
1464 889 1942 958 recondendum
1995 889 2364 976 tradiderit,
2415 891 2520 956 vel
2575 911 2770 955 unam

458 1013 715 1078 literam
763 1011 938 1096 (nrm
975 1008 1130 1097 mu)
1179 1010 1492 1096 defuisse,
1539 1017 1605 1077 et
1647 1010 1801 1077 inde
1847 1011 2195 1093 conficitur,
2241 1011 2467 1076 Mosen
2509 1030 2635 1075 non
2676 1030 2773 1074 so·

458 1132 588 1196 lum
634 1119 833 1215 us'que
879 1150 988 1215 eo,
1041 1130 1149 1196 ubi
1203 1129 1289 1195 ad
1342 1131 1650 1217 populum
1694 1130 1871 1213 loqui
1917 1129 2176 1208 desinit,
2232 1136 2299 1196 et
2343 1127 2662 1195 dicentem
2711 1135 2775 1193 et

458 1250 846 1316 scribentem
901 1249 1027 1316 Dei
1080 1249 1567 1316 instrumentum
1621 1248 1849 1336 fuisse,
1902 1249 2020 1316 sed
2075 1250 2270 1315 etiam
2322 1249 2471 1315 illos
2529 1267 2775 1333 versus,

457 1369 563 1452 qui
609 1375 876 1435 mortem
925 1376 1061 1449 ejus
1106 1370 1404 1455 referunt,
1451 1369 1778 1454 adjecisse
1808 1371 1950 1435 Deo
1994 1370 2297 1453 dictante,
2343 1369 2488 1456 ipso
2531 1388 2772 1453 magno

461 1508 601 1555 cum
652 1487 808 1554 fletu
861 1487 1214 1555 scribente:
1280 1499 1482 1555 :mm
1523 1501 1712 1557 'mm
1756 1498 1966 1557 mum
2014 1500 2203 1557 nm&
2248 1489 2465 1585 π’ῧρΐτ
2512 1500 2635 1565 ⁸18:
2683 1499 2772 1556 ’τυ

455 1620 649 1678 :vxi-r:
683 1620 820 1676 nn:
853 1618 1063 1685 'nmini
1102 1618 1291 1676 *mm
1327 1605 1543 1704 ττέρττ
1577 1593 1776 1697 *him
1818 1620 1998 1685 '1⁸:⁷2
2045 1610 2471 1696 eomparatur
2512 1608 2599 1672 ibi
2643 1608 2773 1672 Μο-

457 1748 564 1794 ses
620 1748 759 1792 cum
823 1725 1148 1811 Barucho,
1204 1728 1310 1811 qui
1369 1728 1764 1813 principibus
1815 1728 2359 1812 interrogantibus
2404 1725 2767 1813 respondit:

453 1847 741 1914 Jeremia
791 1845 945 1919 mihi
1001 1844 1166 1912 haec
1216 1847 1436 1913 omnia
1490 1849 1693 1914 verba
1755 1846 2045 1934 dictavit,
2112 1847 2408 1931 equidem
2464 1867 2548 1913 ea
2600 1852 2771 1913 atra·

459 1972 674 2031 mento
719 1965 922 2032 literis
967 1964 1275 2033 mandavi
1320 1966 1479 2051 (Jer.
1507 1967 1803 2053 XXXVI,
1836 1967 1964 2053 18).

626 2085 1050 2172 Reperiuntur
1111 2085 1370 2168 quidem
1426 2087 1576 2165 loci,
1645 2088 1873 2170 quibus
1929 2088 2093 2153 Mosi
2154 2087 2301 2173 plus
2366 2106 2560 2170 quam
2624 2106 2768 2152 con-

459 2206 719 2291 scriptio
764 2204 1118 2290 ver-borum,
1163 2224 1328 2286 quae
1365 2207 1544 2271 Deus
1589 2204 1948 2291 dictaverit,
1989 2207 2299 2273 tribuitur.
2372 2207 2547 2272 Nam
2587 2205 2653 2270 in
2694 2211 2770 2269 tr.

465 2330 714 2402 Meqma
746 2327 858 2388 31¹³
896 2325 1252 2409 verborum,
1299 2324 1527 2408 quibus
1573 2326 1787 2412 legem
1834 2327 2225 2393 violantibus
2263 2324 2628 2392 exsecratio
2660 2323 2770 2390 de-

457 2445 810 2528 nuntiatur,
867 2446 1103 2523 forma,
1158 2466 1325 2529 quae
1382 2445 1448 2509 in
1507 2445 1663 2511 Lev.
1703 2446 1920 2513 XXVI
1974 2452 2218 2530 exstat,
2272 2446 2628 2538 praefertur
2678 2443 2772 2509 illi

456 2564 725 2643 formae,
771 2585 938 2649 quae
969 2565 1039 2631 in
1067 2567 1257 2631 Deut.
1287 2565 1566 2631 XXVIII
1609 2565 1949 2651 invenitur,
1997 2574 2189 2648 atque
2234 2566 2359 2632 has
2404 2564 2657 2650 quidem
2692 2566 2774 2631 ob

465 2704 726 2751 causas:
790 2687 1060 2771 primum
1118 2683 1288 2768 quod
1341 2685 1556 2749 minae
1598 2684 1668 2750 in
1703 2687 1859 2752 Lev.
1888 2685 2103 2750 XXVI
2156 2686 2272 2750 toti
2329 2686 2537 2750 coetui
2589 2703 2774 2751 sacro

467 2805 596 2870 sint
625 2802 819 2889 dicta,
848 2805 917 2869 in
946 2807 1138 2870 Deut.
1170 2803 1446 2869 XXVIII
1478 2804 1780 2891 singulis,
1823 2802 2060 2872 deinde
2092 2804 2264 2890 quod
2291 2804 2359 2870 in
2388 2806 2546 2872 LeV.
2559 2805 2775 2871 XXVI

464 2925 672 3007 Deus,
732 2924 801 2988 in
856 2925 1043 2989 Deut.
1090 2923 1367 2988 XXVIII
1421 2923 1638 2989 Moses
1691 2924 2003 3009 loquatur.
2104 2925 2311 3004 Quam
2373 2925 2456 2990 ob
2510 2943 2771 2989 causam

466 3041 902 3127 distinguitur,
959 3044 1185 3109 Mosen
1246 3042 1395 3107 illas
1448 3042 1661 3108 minas
1727 3053 1993 3113 animm
2026 3055 2178 3116 ἢθη,
2234 3042 2355 3109 has
2411 3056 2595 3114 ‘²7:2³⁷
2639 3057 2772 3111 *nm

461 3162 1009 3248 pronuntiavisse,
1058 3180 1225 3246 quae
1256 3160 1578 3227 distinctio
1611 3157 1998 3246 quamquam
2028 3162 2254 3227 harum
2283 3162 2771 3248 inspirationem

459 3281 721 3348 infitiari
766 3303 897 3347 non
923 3282 1076 3367 vult,
1119 3287 1341 3347 tamen
1385 3279 1711 3365 quandam
1756 3282 2197 3368 inspirationis
2243 3282 2619 3348 varietatem
2666 3283 2775 3349 ad-

459 3401 668 3467 mittit.
754 3402 896 3467 Hoc
938 3420 1094 3468 vero
1139 3420 1222 3466 ex
1267 3400 1562 3466 omnibus
1608 3400 1948 3467 Talmudis
1994 3400 2181 3486 locis,
2226 3403 2333 3485 qui
2379 3400 2464 3467 ad
2509 3400 2771 3469 Thorae

457 3520 950 3607 inspirationem
994 3519 1334 3607 pertinent,
1378 3527 1552 3587 certo
1591 3521 1927 3607 colligitur,
1971 3519 2256 3588 Thoram
2302 3541 2462 3606 opus
2493 3523 2772 3587 eminen-

456 3640 705 3707 tissime
756 3639 1038 3706 divinum
1100 3636 1388 3705 habitum
1455 3639 1875 3724 omnibusque
1936 3640 2115 3708 libris
2179 3642 2404 3709 sacris>
2447 3642 2770 3729 anteposi-

463 3764 598 3824 tum
643 3775 808 3825 esse.

643 3878 1052 3963 Quapropter
1103 3877 1310 3943 codex
1361 3876 1744 3944 talmudicus
1798 3878 2082 3945 'Phor-am
2138 3885 2204 3947 et
2259 3887 2478 3948 cetera
2533 3882 2773 3969 scripta

463 4016 654 4063 sacra
705 3997 1185 4063 accuratissime
1246 3995 1550 4064 discernit
1610 4003 1678 4063 et
1733 3996 1992 4065 Thorae
2055 4001 2509 4066 excellentiam
2575 4010 2769 4087 atque

462 4115 878 4201 dignitatem,
940 4136 1072 4198 qua
1122 4121 1338 4182 cetera
1389 4117 1610 4183 omnia
1655 4124 1945 4204 superat,
2000 4117 2307 4185 attribuit.
2393 4122 2469 4185 In
2520 4128 2598 4186 tr.
2646 4127 2774 4187 Me-

460 4241 613 4314 yilla
646 4237 758 4318 III,
794 4240 822 4298 1
874 4233 1131 4300 dicitur:
1189 4255 1315 4318 quo
1359 4236 1569 4322 pretio
1613 4237 1758 4321 quis
1813 4248 2034 4306 στ’-τεῦ
2078 4238 2443 4306 vendiderit
2484 4259 2564 4307 eo
2606 4239 2775 4307 Tho-

461 4375 602 4419 ram
649 4373 860 4421 emere
894 4354 995 4420 fas
1041 4373 1210 4440 esse,
1256 4353 1373 4421 sed
1420 4376 1545 4440 quo
1591 4356 1799 4442 pretio
1831 4356 2114 4423 'Phoram
2159 4357 2523 4425 vendiderit
2551 4371 2773 4427 :inm
