3264 5076
1510 423 1585 496 61

395 644 722 714 Orednero
773 646 1144 732 adstipulati
1190 655 1355 715 sunt.
1429 649 1516 715 At
1545 649 1652 716 hie
1682 652 1854 737 ipse¹
1900 655 2134 735 postea
2162 652 2336 713 reete
2366 645 2702 729 intellexit,

389 787 580 850 quam
648 765 991 833 dissimilia
1057 767 1186 833 sint
1250 770 1456 835 verba
1521 770 1665 837 libri
1732 772 1937 835 Esrae
2008 769 2148 834 loeo
2211 766 2320 832 isti
2387 765 2703 851 epistolae

384 887 766 965 Barnabae,
826 888 1210 971 praesertim
1268 909 1489 975 quum,
1544 890 1636 954 uti
1699 890 2012 975 epistolae
2061 906 2386 953 connexus
2431 885 2702 969 flagitat,

392 1007 596 1071 omnis
645 1006 742 1071 vis
787 1007 1003 1092 posita
1047 1008 1129 1073 sit
1173 1008 1240 1072 in
1285 1028 1442 1073 voce
1488 1010 1745 1095 κλητοί,
1793 1029 1959 1093 quae
2007 1005 2180 1092 apud
2224 1007 2456 1071 Esram
2502 1003 2703 1070 deest.

389 1124 603 1188 Aliam
628 1125 823 1207 igitur
846 1125 1296 1192 enodationem
1324 1127 1760 1210 quaerendam
1788 1148 1933 1194 esse
1953 1134 2242 1192 statuens
2274 1130 2615 1190 Crednerus
2636 1125 2705 1188 in

388 1243 559 1309 hano
594 1244 959 1329 opinionem
988 1227 1233 1312 incidit}
1264 1247 1598 1312 formulam
1632 1249 1795 1314 sieut
1820 1253 2155 1326 „scriptum
2184 1252 2314 1311 est“
2345 1244 2410 1309 in
2446 1244 2697 1310 Graeco

391 1369 573 1429 textu
618 1385 748 1430 non
794 1366 1144 1451 exstitisse,
1194 1365 1314 1432 sed
1360 1368 1442 1433 ab
1488 1368 1838 1454 interprete
1885 1367 2086 1432 latino
2130 1366 2441 1432 insertam
2490 1367 2693 1430 esse.2

393 1482 524 1550 Sed
569 1483 691 1550 hoo
736 1504 989 1568 quoque
1035 1486 1339 1571 effugium
1388 1488 1619 1554 criticis
1665 1490 2067 1573 praeclusum
2116 1491 2215 1551 est
2262 1483 2690 1550 'Pisohendor-

391 1603 567 1668 fiana
607 1604 978 1670 inventione
1028 1604 1267 1671 eodieis
1314 1607 1625 1672 Sinaitioi.
1716 1609 1885 1674 Nam
1929 1608 1995 1670 in
2043 1605 2399 1690 exemplari
2434 1605 2704 1689 Graeco,

396 1722 564 1806 quod
609 1723 711 1788 hio
759 1724 967 1790 codex
1012 1726 1320 1811 eontinet,
1375 1727 1574 1792 verba
1625 1727 1972 1792 Barnabae
2028 1724 2194 1791 haee
2248 1732 2422 1791 sunt:
2474 1747 2704 1809 προς-

396 1842 726 1927 έχωμεν,
783 1839 1104 1930 μήποτε,
1171 1838 1273 1921 ὥς
1332 1846 1785 1932 γέγραπται,
1845 1847 2126 1911 πολλοὶ
2182 1845 2480 1931 κλητοί,
2548 1836 2706 1909 ὀλί-

335 2025 345 2037 ,
393 1984 519 2045 γοι
576 1962 658 2028 δὲ
714 1960 1077 2028 ἐκλεκτοὶ
1119 1957 1587 2050 εὑρεθῶμεν.
1682 1966 1863 2044 Quae
1912 1986 2052 2030 eum
2097 1965 2189 2029 ita
2233 1964 2388 2049 sint,
2451 1963 2705 2029 unicum

400 2081 700 2163 effugium
756 2101 797 2146 a
856 2085 1191 2146 Gieselero³
1270 2090 1599 2150 ostensum
1660 2091 1985 2151 remanet:
2055 2085 2179 2149 diei
2243 2086 2410 2150 enim
2469 2088 2705 2167 potest,

394 2201 764 2266 Barnabam
810 2200 933 2268 hoe
967 2202 1364 2268 enuntiatum
1398 2202 1652 2287 Christi,
1699 2205 1869 2288 quod
1914 2207 1978 2269 in
2023 2203 2341 2291 proverbii
2375 2208 2707 2269 eonsuetu-

401 2319 613 2385 dinem
648 2320 896 2405 abierit,
931 2341 1272 2408 perperam
1303 2324 1520 2390 Veteri
1548 2326 1967 2390 Testamento
2002 2322 2420 2389 attribuisse.⁴
2483 2322 2569 2387 At
2602 2343 2712 2387 eur

396 2441 627 2506 talibus
675 2442 958 2509 artificiis
1016 2441 1081 2507 id
1137 2440 1306 2525 quod
1363 2443 1588 2527 negari
1632 2444 1855 2527 nequit
1900 2443 2372 2510 dissimulemus
2417 2448 2481 2509 et
2536 2441 2709 2507 adul-

408 2562 729 2628 teremus‘?
788 2564 934 2629 Non
961 2584 1305 2649 possumus
1337 2563 1584 2629 inficias
1615 2565 1737 2650 ire,
1776 2585 1817 2631 a
1843 2565 2146 2631 Bai-naba
2174 2563 2486 2629 Matthaei
2516 2583 2710 2629 evan-

398 2681 633 2765 gelium
689 2682 918 2750 eodem
988 2685 1126 2749 loeo
1197 2705 1320 2766 quo
1392 2684 1589 2750 libros
1645 2685 1897 2750 Veteris
1959 2684 2362 2750 Testamenti
2428 2683 2706 2768 positum

410 2821 573 2885 esse,
609 2801 677 2867 id
704 2802 875 2886 quod
909 2824 1037 2868 non
1061 2805 1265 2868 solum
1295 2807 1843 2881 Tischendorfiuffi‘,
1888 2806 2303 2880 Wieselerusss,
2340 2805 2698 2867 Mueller-2⁴⁸⁷

400 2928 652 3005 urgent,
717 2922 834 2988 sed
899 2924 1094 2989 etiam
1153 2925 1611 3002 Hilqenfeldusss
1677 2930 1742 2990 et
1796 2923 2264 2988 Ηοῖίιηιαηηῑιε9
2330 2921 2707 2988 eoneedunt.

400 3040 621 3105 Utrum
667 3062 818 3108 vero
861 3043 973 3109 illo
1019 3050 1308 3128 tempore
1355 3044 1488 3108 alia
1534 3064 1784 3127 quoque
1830 3044 1999 3110 Novi
2031 3042 2433 3108 Testamenti
2472 3032 2712 3127 scripta

399 3159 464 3224 in
507 3160 737 3228 eadem
784 3162 1098 3247 dignitate
1145 3164 1394 3247 fuerint,
1443 3183 1479 3228 e
1525 3145 1868 3228 Barnabae
1900 3163 2178 3247 epistola
2221 3161 2563 3247 dijudicari
2604 3181 2712 3227 ne·

537 3350 554 3388 ¹
600 3352 842 3420 Beitreiqe
880 3350 921 3416 I,
959 3366 1011 3418 p.
1038 3350 1120 3403 28.

535 3435 558 3473 2
605 3432 712 3487 cfr.
761 3449 972 3502 quoque
1021 3434 1438 3499 Gieselerum,
1498 3437 2116 3491 Histoi-isch·kritischet·
2178 3436 2399 3490 Vei-such
2453 3438 2576 3489 iiber
2628 3437 2714 3489 die

405 3519 718 3589 Entstehuny
751 3525 857 3574 und
893 3523 976 3573 die
993 3520 1274 3586 frithescen
1298 3522 1598 3575 Schicksale
1635 3526 1728 3576 der
1752 3523 2109 3590 schmfllichen
2140 3524 2472 3592 annyelien.
2520 3537 2572 3589 p.
2600 3522 2713 3574 155.

535 3608 559 3643 3
603 3605 664 3660 L.
704 3620 748 3658 c.

533 3689 557 3729 ⁴
604 3689 710 3746 Cfr.
745 3692 1211 3757 Schostmz'um,
1256 3692 1358 3744 Die
1403 3694 1618 3746 iiltesten
1665 3694 1952 3763 Zeuqnisse
1999 3694 2284 3760 ben-effend
2330 3696 2414 3748 die
2449 3692 2716 3760 Schriften

407 3778 492 3827 des
525 3793 686 3829 neuen
730 3779 782 3830 T
775 3786 1061 3830 estaments.
1122 3792 1175 3843 p.
1207 3779 1270 3827 10
1293 3791 1410 3845 sqq.

534 3863 557 3901 5
604 3859 664 3914 L.
692 3877 736 3915 c.
772 3878 826 3929 p.
853 3862 919 3914 92
951 3876 1065 3928 sqq.

533 3948 557 3986 6
599 3945 660 4000 L.
689 3962 733 4000 c.

535 4033 555 4069 ⁷
602 4031 663 4085 L.
691 4047 734 4085 c.
770 4048 823 4101 p.
855 4033 966 4085 126.

532 4116 555 4155 8
598 4119 710 4171 Der
755 4119 946 4171 Kanon
992 4122 1101 4172 und
1147 4121 1231 4173 die
1277 4119 1453 4174 Krieik
1499 4124 1589 4174 des
1634 4138 1796 4173 neuen
1854 4122 2184 4176 Testamenta
2256 4137 2308 4189 p.
2355 4123 2415 4173 10
2507 4119 2716 4174 Novum

410 4198 804 4257 Testamentum
840 4207 996 4257 extra
1031 4218 1289 4258 canonem
1323 4210 1603 4272 receptum
1640 4205 1709 4272 H,
1747 4222 1801 4273 p.
1828 4210 1910 4259 69.

478 4327 487 4332 =
535 4291 558 4327 9
600 4291 882 4343 Barnabas
914 4291 1022 4342 und
1048 4290 1334 4345 Johannes.
1397 4293 1486 4347 Hi
1498 4293 1827 4362 lyenjeldi
1861 4293 2167 4360 Zeitschrtsft
2184 4292 2294 4360 fiir
2325 4290 2717 4362 wissenschaft-

408 4372 529 4425 liche
572 4375 856 4445 Theoloqie.
919 4375 1067 4428 1871.
1119 4390 1173 4445 p.
1201 4376 1317 4430 351.
