3264 5076
1466 398 1546 471 79

333 626 517 709 gelia
574 625 644 690 in
703 644 1017 691 canonem
1074 629 1366 709 recepta,
1433 623 1550 688 sed
1606 622 1825 688 omnia
1878 621 2253 705 evangelia,
2315 641 2482 704 quae
2538 627 2667 685 tum

334 745 653 830 temporis
715 744 1105 829 ferebantur,
1162 741 1730 828 comprehendere.
1818 743 1903 807 At
1958 741 2225 826 primum
2290 762 2427 805 cum
2487 745 2675 803 Semi-

341 866 544 928 (ςοΙιίοι
605 869 924 948 notamuS,
968 863 1289 930 Justinum
1320 862 1431 927 illo
1462 858 1682 927 πάντα
1727 859 1902 927 haud
1945 882 2091 926 raro
2137 861 2230 924 ita
2275 859 2397 942 uti,
2438 867 2505 923 ut
2553 859 2672 923 nisi

344 984 495 1049 falsi
542 989 612 1048 et
653 983 856 1067 inepti
898 982 1051 1065 quid
1096 1002 1242 1048 eum
1289 980 1508 1047 dicere
1539 981 1807 1047 velimus
1852 980 2270 1065 hyperbolice
2317 979 2402 1043 sit
2447 979 2675 1043 intelli-

346 1101 652 1187 gendum.
743 1100 996 1168 Deinde
1054 1102 1322 1184 cogitari
1379 1121 1576 1187 posse
1632 1121 1975 1186 negamuS,
2033 1099 2387 1180 Justinum,
2448 1099 2503 1163 si
2548 1121 2676 1164 vox

346 1216 988 1306 ἀπομνημονεύματα
1035 1220 1117 1285 ad
1163 1221 1380 1285 omnia
1409 1222 1759 1303 evangelia
1805 1241 1925 1284 sua
1970 1227 2184 1285 aetate
2229 1218 2333 1283 hic
2376 1219 2507 1284 illic
2553 1219 2673 1284 usi·

350 1347 488 1405 tata
535 1347 892 1425 spectaret,
951 1340 1127 1405 locos
1174 1361 1254 1407 ex
1299 1340 1380 1404 iis
1427 1339 1803 1424 desumptos
1852 1345 1983 1404 tam
2027 1336 2374 1403 honorifico
2416 1339 2672 1403 nomine

352 1460 773 1526 communiter
805 1459 1098 1543 allegare
1129 1465 1194 1524 et
1224 1459 1442 1524 omnia
1490 1460 1925 1543 apostolorum
1975 1466 2300 1542 tamquam
2345 1465 2673 1523 auctorum

352 1580 615 1645 nomine
659 1578 972 1663 insignire
1025 1598 1327 1643 ausurum
1385 1578 1599 1644 fuisse.
1690 1579 1910 1644 Tertio
1967 1578 2317 1662 praelectio
2362 1599 2677 1644 memora-

354 1700 574 1765 bilium
623 1698 1117 1764 ecclesiastica2
1171 1704 1409 1764 certum
1458 1698 1945 1782 evangeliorum
1992 1718 2320 1762 numerum
2368 1698 2673 1794 postulat.

355 1821 692 1885 Postremo
748 1817 817 1882 id
870 1818 1043 1900 quod
1095 1819 1162 1883 in
1208 1823 1370 1882 Dial.
1413 1839 1462 1882 c.
1500 1822 1596 1881 Tr.
1645 1838 1698 1882 c.
1741 1820 1832 1902 10,
1889 1839 1950 1902 p.
1993 1820 2074 1881 38
2132 1816 2441 1903 'sryphon
2498 1816 2672 1896 dicit,

348 1943 701 2023 praecepta
745 1937 1070 2022 evangelii
1101 1936 1461 2003 difficiliora
1505 1956 1656 2003 esse
1702 1957 1893 2019 quam
1940 1956 2108 2019 quae
2154 1938 2485 2002 observari
2530 1959 2674 2023 pos-

354 2057 513 2139 sint,
569 2056 821 2122 addens
877 2076 951 2122 36
1006 2077 1224 2124 eorum
1277 2064 1766 2143 praeceptorum
1821 2056 2116 2123 notitiam
2163 2057 2287 2122 sibi
2334 2061 2672 2142 parassess,

354 2197 545 2242 unum
605 2175 1013 2258 evangelium
1072 2182 1182 2241 aut
1236 2177 1674 2243 collectionem
1731 2177 2129 2258 quorundam
2190 2178 2672 2261 evangeliorum

354 2293 617 2379 indicat,
665 2315 854 2378 quam
885 2297 1079 2362 etiam
1116 2296 1305 2362 homo
1341 2301 1530 2365 extra
1562 2295 1906 2361 ecclesiam
1940 2296 2312 2362 constitutus
2345 2297 2675 2379 acquirere

357 2422 423 2482 et
463 2413 686 2500 legere
745 2422 1028 2501 poterat,
1082 2437 1213 2481 non
1271 2414 1738 2482 multitudinem
1786 2415 2267 2500 evangeliorum
2313 2436 2430 2500 per
2476 2423 2672 2482 totam

361 2536 703 2604 ecclesiam
750 2533 1204 2621 dispersorum.

523 2654 594 2741 2)
648 2660 991 2721 Crednerus
1036 2653 1235 2739 addit,
1277 2656 1599 2723 Justinum
1626 2657 1840 2741 ipsum
1870 2655 2112 2723 diserte
2150 2656 2383 2739 dicere,
2431 2677 2509 2722 ex
2545 2678 2673 2740 quo

358 2775 532 2840 fonte
588 2774 893 2841 hauserit.
979 2776 1147 2844 Nam
1205 2795 1287 2841 ex
1333 2796 1386 2840 c.
1426 2778 1542 2842 loo
1588 2780 1750 2839 Dial.
1793 2796 1844 2839 c.
1894 2780 1990 2839 Tr.
2052 2774 2142 2861 (p.
2184 2777 2358 2861 356),
2415 2776 2521 2840 ubi
2580 2777 2674 2841 ait

358 2895 486 2959 καὶ
528 2889 616 2958 τὸ
661 2894 910 2960 εἰπεῖν
950 2895 1600 2979 μετωνομακέναι
1658 2888 1906 2961 αὐτὸν
1948 2895 2279 2979 Πέτρον,
2334 2893 2469 2960 ἕνα
2512 2900 2675 2961 τῶν

357 3005 854 3092 ἀποστόλων,
909 3016 1038 3080 καὶ
1094 3010 1538 3099 γεγράφθαι
1597 3011 1680 3079 ἐν
1722 3027 1906 3090 τοῖς
1963 3007 2674 3100 ἀπομνημονεύμα-

358 3149 477 3196 σιν
532 3126 788 3198 αὐτοῦ
839 3133 1358 3219 γεγενημένον
1423 3134 1550 3198 καὶ
1602 3135 1836 3200 τοῦτο
1889 3137 2080 3216 κτλ,
2136 3135 2476 3218 consequi,
2534 3136 2673 3218 ejus

355 3250 591 3317 fontem
638 3252 1047 3337 evangelium
1091 3253 1268 3319 Petri
1313 3254 1514 3319 esse.⁴
1591 3252 1724 3319 Sed
1771 3253 2029 3319 etiamsi
2068 3274 2424 3337 pronomen
2471 3248 2676 3320 αὐτοῦ

355 3369 437 3434 ad
466 3371 724 3456 Πέτρον
767 3371 1172 3439 referendum
1226 3379 1420 3458 esset,
1463 3371 1621 3437 nihil
1669 3393 1788 3438 nos
1834 3371 2123 3458 impedit,
2172 3374 2510 3455 quominus
2546 3381 2673 3439 tra-
2781 3430 2792 3448 ,

355 3486 654 3556 ditionem
698 3496 930 3571 Papiae
972 3492 1368 3575 aliorumque
1429 3498 1780 3575 sequentes
1804 3493 1829 3532 ⁵
1882 3491 2329 3557 memorabilia
2370 3493 2547 3559 Petri
2593 3494 2674 3561 de

489 3747 511 3785 1
558 3746 619 3800 L.
647 3762 691 3800 c.
728 3763 781 3815 p.
800 3749 904 3800 404
928 3762 1005 3817 sq.

489 3832 514 3870 ²
560 3836 711 3902 Apol.
750 3832 792 3899 Ι,
820 3836 903 3901 67,
939 3850 992 3901 p.
1013 3836 1131 3888 270.

488 3918 513 3959 3
550 3917 733 3990 ’Υμιῖν
771 3916 833 3971 δὲ
879 3920 975 3970 καὶ
1021 3916 1089 3971 τὰ
1133 3914 1197 3970 ἐν
1232 3920 1306 3991 τῷ
1353 3919 1638 3991 λεγομένῳ
1684 3917 1990 3992 εὐαγγελίῳ
2043 3920 2483 3991 παραγγέλματα
2539 3927 2673 3974 θαυ-

363 3998 533 4069 μαστὰ
571 4003 741 4062 οὕτως
776 4020 832 4056 τε
856 4004 951 4055 καὶ
980 3999 1198 4075 μεγάλα
1234 3998 1538 4076 ἐπίσταμαι
1573 4000 1740 4069 εἶναι,
1781 4002 1853 4061 ὡς
1888 4000 2301 4075 ὑπολαμβάνειν
2335 4005 2554 4078 μηδένα
2581 4004 2672 4060 δύ-

368 4094 568 4141 νασθαι
605 4083 851 4158 φυλάξαι
888 4086 1047 4142 αὐτοὶ·
1102 4084 1225 4162 ἐμοὶ
1260 4084 1371 4158 γὰρ
1409 4084 1682 4162 ἐμέλησεν
1718 4085 1972 4159 ἐντυχεῖν
2007 4086 2209 4150 αὐτοῖς.

490 4174 513 4213 ⁴
557 4177 800 4245 Beitrdiye
834 4174 877 4242 1,
916 4192 970 4244 p.
1001 4177 1113 4228 132.
1176 4173 1282 4229 Cfr.
1320 4177 1798 4245 Schweqlerum
1832 4176 1867 4230 l.
1893 4192 1937 4230 c.
1973 4192 2026 4244 p.
2047 4178 2334 4230 220-222,

490 4260 514 4297 ⁵
559 4261 762 4328 Papiae
786 4260 931 4329 apud
958 4262 1236 4315 Eusebium
1259 4259 1313 4316 h.
1351 4276 1393 4315 c.
1421 4261 1519 4328 111,
1543 4263 1624 4314 39.
1672 4263 2109 4326 Tertulliani,
2138 4267 2266 4315 Ado.
2297 4265 2472 4317 Marc.
2496 4263 2589 4330 IV,
2617 4266 2664 4327 5,

361 4338 635 4418 Irenqei,
672 4349 802 4412 Ado.
829 4349 968 4412 haer.
1003 4344 1103 4424 1112
1135 4347 1182 4424 1,
1213 4348 1258 4401 1.
1336 4347 1642 4430 Oriqenis
1676 4362 1764 4429 ap.
1792 4348 1920 4402 Eas.
1953 4345 2008 4401 h.
2032 4346 2068 4399 1.
2096 4347 2187 4428 VI.
2215 4349 2296 4413 25,
