3264 5076
14 4827 53 5041 l
126 5021 329 5040 Q„

1443 412 1559 484 '47

477 648 483 653 ’
532 646 732 706 Tertio
785 660 897 723 ea,
952 660 1121 722 quae
1174 638 1260 705 'de
1318 638 1571 725 Sibylla
1632 637 1882 704 furente
1927 635 2288 721 audiverat,
2340 644 2667 719 tamquam

299 832 309 844 ⁰
352 759 553 847 plena
592 758 722 825 fide
776 758 976 841 digna
1028 758 1318 829 referens
1360 763 1640 822 Justinus
1687 756 1853 823 haec
1898 755 2103 822 addit:
2158 751 2401 840 Ταύτης
2445 753 2522 818 δὲ’
2558 753 2675 839 ’τῆς

350 873 687 966 Σιβύλλης
748 872 842 955 ῶς
895 878 1290 965 χρησμῳδοῦ
1339 878 1580 943 πολλοὶ
1627 876 1750 961 μὲν
1810 878 1922 942 καὶ
1976 869 2166 941 ἄλλοι
2218 876 2360 939 τῶν
2402 891 2672 957 συγγρα-
2745 856 2751 864 ’

354 999 544 1082 φέων
576 998 954 1085 μέμνηνται,
985 992 1277 1063 Πλάτων
1305 996 1376 1062 δὲ
1413 995 1485 1061 ἑν
1515 996 1615 1080 τῶ
1665 997 1955 1081 Φαίδρῳ.
2033 996 2229 1061 Δοκεῖ
2272 993 2348 1059 δέ
2375 993 2487 1079 μοι
2532 1005 2671 1068 τοῖς

352 1113 593 1205 ταύτης
648 1124 961 1204 χρησμοῖς
1017 1113 1313 1202 ἑντυχῶν
1357 1109 1396 1183 ὃ
1445 1113 1738 1183 Πλάτων
1792 1111 1948 1193 τοὺς
1990 1109 2416 1201 χρησμῳδούς
2460 1111 2670 1177 ἐκθει-

352 1232 559 1320 άζειν·
590 1231 767 1321 ἑῶρα
791 1232 915 1322 γὰρ
959 1233 1042 1302 τὰ
1066 1230 1178 1302 ὑπ’
1207 1229 1407 1322 αὐτῆς
1447 1240 1656 1304 παλαὶ
1680 1233 2116 1321 προειρημένα
2144 1231 2358 1318 ἔργοις
2383 1226 2666 1317 πληρού-

354 1378 518 1442 μενα
581 1356 693 1421 καὶ
760 1351 868 1421 διὰ
920 1357 1118 1421 τοῦτο
1188 1351 1533 1441 θαυμάσας
1599 1355 1674 1422 ἐν
1733 1357 1832 1441 τῶ
1891 1349 2058 1438 πρὸς
2109 1351 2404 1418 Μένωνα
2470 1345 2670 1435 λόγῳ,

360 1468 587 1552 αὐταῖς
659 1475 910 1556 λέξεσιν
979 1473 1274 1541 ἐπαινῶν
1333 1470 1490 1552 τοὺς
1560 1469 2012 1561 χρησμῳδούς,
2084 1466 2261 1538 οὕτω
2314 1470 2640 1556 γέγραφεν
2658 1490 2671 1503 ·

363 1589 609 1679 Ὀρθῶς
653 1588 782 1679 ἄρα
826 1588 912 1661 ἂν
953 1599 1265 1680 καλοῖμεν
1308 1597 1532 1672 θείους
1572 1619 1644 1661 τε
1675 1587 1937 1677 αὐτούς,
1977 1586 2093 1669 οὓς
2140 1587 2218 1678 δὴ
2248 1591 2371 1656 νῦν
2399 1588 2670 1674 λέγομεν

353 1709 807 1800 χρησμῳδούς,
870 1707 991 1798 οὐχ
1044 1708 1278 1801 ἥκιστα
1328 1728 1571 1800 φαῖμεν
1623 1708 1709 1780 ἂν
1762 1708 2033 1788 τούτους
2092 1734 2163 1777 τε
2218 1710 2443 1786 θείους
2499 1704 2666 1774 εἶναι

356 1834 467 1898 καὶ
511 1828 962 1918 ἐνθουσιάζειν
990 1833 1304 1911 ἐπίπνους
1347 1827 1546 1911 ὄντας
1574 1834 1686 1898 καὶ
1720 1829 2195 1916 κατεχομένους
2231 1828 2307 1894 ἐκ
2332 1830 2452 1895 τοῦ
2483 1830 2665 1902 θεοῦ,

353 1946 517 2018 ὅταν
558 1955 945 2038 κατορθῶσι
999 1926 1301 2038 λέγοντες
1341 1949 1559 2020 πολλὰ
1602 1953 1715 2018 καὶ
1756 1946 2003 2037 μεγάλα
2043 1945 2394 2035 πράγματα
2408 2003 2422 2028 ,
2465 1947 2669 2035 μηδὲν

353 2067 597 2149 εἰδότες
652 2060 755 2137 ῶν
812 2071 1099 2157 λέγουσι·
1171 2072 1401 2155 σαφῶς
1457 2073 1571 2138 καὶ
1620 2073 1929 2156 φανερῶς
1975 2069 2070 2147 εἰς
2120 2066 2276 2146 τοὺς
2335 2064 2669 2154 Σιβύλλης

353 2185 634 2278 ἀφορῶν
675 2185 1018 2278 χρησμούς.
1027 2192 1050 2233 ¹
1158 2190 1278 2258 His
1324 2191 1540 2259 verbis
1585 2192 1907 2257 Justinum
1961 2189 2238 2275 probare
2283 2187 2672 2255 sententiam

355 2310 782 2393 Platonicam,
841 2311 1193 2387 secundum
1246 2330 1439 2395 quam
1492 2317 1677 2377 vates
1731 2309 2033 2378 divinitus
2088 2308 2292 2374 afflati
2335 2307 2486 2391 quid
2531 2327 2673 2392 pro-

353 2431 646 2496 nuntient
688 2431 1002 2516 nesciunt‚
1044 2429 1221 2499 haud
1264 2428 1601 2497 difficulter
1628 2429 2026 2514 subauditur,
2070 2427 2449 2515 praesertim
2483 2447 2672 2511 quum

359 2550 512 2637 alibi
581 2570 832 2634 quoque
887 2549 971 2616 ad
1026 2550 1364 2618 Platonem
1420 2556 1729 2637 provocet
1791 2551 2060 2637 ejusque
2123 2548 2480 2616 doctrinam
2542 2567 2674 2613 non

359 2659 524 2753 afleo
569 2671 826 2738 differre
872 2691 915 2736 a
959 2669 1199 2738 Christi
1242 2671 1607 2757 praeceptis
1653 2670 2101 2737 demonstret.²

366 2908 476 2974 ὧν,
523 2905 838 2983 ἑωράκει,
902 2906 1049 2963 ἀλλ’
1087 2903 1159 2962 ἐν
1203 2903 1577 2975 ἐκστάσει,·
1611 2906 2112 2975 ἀποκαλύψεως
2163 2905 2341 2981 αὐτῷ
2389 2922 2677 2975 γεγενη-

361 2995 584 3067 μένης.
656 2996 732 3048 At
774 2994 977 3064 opponi
1024 3000 1230 3063 potest,
1282 3009 1404 3049 eum
1449 2996 1540 3064 qui
1584 3001 1783 3050 statum
1822 2993 2119 3062 Sacharjae
2154 2993 2324 3047 visum
2370 2989 2503 3046 illud
2541 2991 2678 3044 acci-

359 3082 555 3151 pientis
593 3080 828 3136 ecstasin
863 3079 1118 3146 nominet,
1156 3095 1264 3148 non
1297 3079 1421 3136 ideo
1455 3086 1654 3135 statum
1688 3080 2078 3150 prophetarum
2114 3079 2327 3134 omnino
2365 3077 2678 3132 ecstaticum

360 3166 692 3233 existimare3
738 3180 861 3219 nam
898 3163 1065 3219 verba
1103 3160 1509 3231 ἀποκαλύψεως
1554 3162 1698 3240 αὐτῷ
1750 3165 2127 3237 γεγενημένης
2173 3162 2526 3233 comprobant
2560 3170 2678 3215 tan-

360 3258 495 3320 tum,
543 3267 611 3307 ea
657 3266 796 3319 quae
831 3249 965 3304 vidit
1001 3250 1267 3318 SacharJa
1308 3250 1679 3319 spiritualibus
1730 3250 1899 3305 oculis
1938 3246 2025 3314 (ἐν
2061 3246 2340 3311 ἐκστάσει)
2375 3249 2493 3304 visa
2529 3263 2676 3315 esse3

360 3344 533 3391 utrum
568 3352 700 3392 vero
733 3336 975 3391 Justinus
1008 3336 1178 3395 omnis
1213 3336 1558 3391 revelationis
1593 3335 1808 3391 modum
1846 3335 2079 3390 ecstasin
2114 3335 2341 3401 habeat,
2378 3335 2437 3388 in
2471 3334 2680 3388 incerto

361 3423 682 3492 relinquunt.
755 3420 1120 3490 Quamobrem
1153 3422 1297 3478 hunc
1330 3421 1506 3477 locum
1540 3437 1641 3491 pro
1677 3420 1982 3476 testimonio
2020 3436 2127 3476 non
2162 3420 2453 3476 attulimus,

501 3511 520 3551 ¹
573 3508 693 3565 Goh-
730 3512 805 3564 ad
844 3511 937 3563 Gr.
975 3523 1019 3563 c.
1049 3510 1132 3575 37,
1171 3524 1223 3576 p.
1253 3512 1347 3562 104
1373 3524 1489 3577 sqq.

493 3595 519 3636 2
568 3597 713 3663 Apol.
738 3593 808 3660 ΙΙ,
839 3596 919 3660 13,
956 3609 1008 3662 p.
1035 3595 1160 3648 312:
1211 3591 1313 3665 οὐχ
1348 3593 1430 3647 ὅτι
1466 3587 1723 3663 άλλότριά
1760 3587 1878 3645 ἐστι
1916 3588 1981 3644 τὰ
2020 3591 2316 3651 Πλάτωνος
2353 3586 2675 3663 διδάγματα

360 3683 453 3734 τοῦ
485 3681 750 3753 Χριστοῦ.
834 3678 1169 3733 Christianos
1218 3678 1350 3733 dicit
1392 3680 1700 3734 Justinus
1756 3694 1917 3746 quum
1959 3693 1994 3732 a
2038 3678 2156 3733 Deo
2201 3677 2379 3732 omnia
2423 3676 2573 3731 facta
2623 3682 2679 3732 ct

359 3765 620 3821 adornata
667 3780 786 3820 esse
833 3764 1067 3819 doceant
1100 3764 1433 3824 Platonicam
1465 3763 1790 3819 sententiam
1821 3761 2067 3832 proferre
2102 3761 2274 3817 videri
2309 3767 2486 3832 (Apol.
2514 3762 2556 3826 1,
2583 3765 2669 3831 20,

361 3870 413 3921 p.
443 3854 561 3905 180:
609 3849 698 3925 Τῷ
723 3848 835 3920 γὰρ
858 3850 1049 3921 λέγειν
1071 3846 1216 3922 ἡμᾶς
1250 3848 1359 3904 ὕπὸ
1394 3852 1531 3904 θεοῦ
1570 3845 1751 3903 πάντα
1774 3851 2163 3920 κεκοσμῆσθαι
2190 3850 2283 3900 καὶ
2319 3850 2671 3919 γεγενῆσθαι

365 3931 657 3995 Πλάτωνος
692 3932 929 4007 δόξομεν
962 3934 1153 4006 λέγειν
1189 3932 1428 4007 δόγμα),·
1464 3936 1607 3990 inter
1641 3934 1853 3989 illorum
1890 3942 1945 3987 et
1982 3934 2225 3989 Platonis
2251 3933 2319 3990 de
2344 3934 2451 3989 Dei
2474 3942 2674 3988 natura.

362 4022 663 4092 opinionem
698 4021 870 4076 solum
904 4020 1187 4076 articulum
1222 4019 1467 4086 differre,
1505 4020 1634 4088 quia
1665 4020 1744 4075 illi
1784 4017 1813 4073 ὃ
1847 4018 1925 4072 ὥν
1957 4018 2167 4088 dicant,
2205 4019 2308 4074 hic*
2331 4017 2391 4074 τὸ
2424 4017 2493 4072 ὄν
2531 4020 2682 4083 (Colo.

370 4112 440 4162 ad
476 4109 568 4163 Gr.
610 4122 654 4162 c.
680 4108 772 4175 22,
812 4123 866 4175 p.
893 4108 960 4159 64
995 4120 1136 4175 sqq.:
1200 4104 1400 4170 Τοῦτο,
1453 4094 1495 4159 ὦ
1531 4105 1736 4176 ἄνδρες
1759 4105 2055 4175 Ἕλληνες,
2107 4110 2224 4165 τοῖς
2258 4110 2412 4159 νοεῖν
2449 4104 2684 4177 δυναμέ-

371 4210 482 4251 νοις
516 4189 578 4247 οὐ
604 4191 764 4245 δοκεῖ
781 4187 845 4244 ἓν
866 4192 960 4244 καὶ
997 4193 1156 4245 τοῦτο
1193 4185 1367 4255 εἶναι,
1406 4193 1479 4264 τῷ
1514 4189 1712 4265 ὄρθρῳ
1743 4187 1922 4264 μόνον
1959 4188 2315 4254 malatinam
2352 4187 2408 4244 Ὁ
2440 4188 2550 4263 μὲν
2572 4187 2683 4262 γάρ

374 4276 584 4346 Μωσῆς
618 4273 648 4329 ὅ
672 4274 764 4330 ὧν
798 4274 928 4348 ἔφη,
966 4273 995 4331 ὅ
1030 4275 1094 4331 δὲ
1130 4273 1369 4331 Πλάτων
1402 4274 1466 4330 τὸ
1503 4274 1619 4343 ὄν),·
1657 4277 1785 4346 quin
1822 4277 1985 4332 etiam
2022 4293 2144 4332 eum
2172 4276 2291 4345 jam
2316 4274 2386 4331 de
2413 4275 2680 4330 Trinitate

343 4355 349 4359 ’
375 4364 543 4432 (Apol.
563 4363 608 4438 Ι,
633 4365 718 4418 59.
743 4365 827 4431 60,
863 4379 916 4441 p.
942 4364 1044 4417 252
1068 4368 1230 4442 ὅσῳ),
1266 4361 1335 4419 de
1368 4361 1767 4425 resurrectione
1802 4368 1859 4422 et
1893 4360 2071 4417 futuro
2114 4360 2323 4441 judicio
2359 4359 2680 4424 disseruisse
