3264 5076
1714 374 1806 448 48

1604 469 1908 478 ...ὑ-,-

760 609 1065 667 Postremo
1113 601 1397 669 ostendit
1443 607 1908 679 Montaniana-5,
1963 602 2072 685 qui
2114 620 2196 668 ex
2242 600 2522 669 ecclesia
2561 603 2799 690 prodiit
2843 610 2909 670 et

587 719 769 787 initio
795 721 967 788 iutra
993 722 1156 789 fines
1193 721 1507 790 ecclesiae
1538 742 1687 789 sese
1718 721 2047 806 continuit,
2085 721 2434 788 manticam
2466 722 2907 809 inspirationis

589 842 910 909 notionem
941 842 1203 908 minime
1235 843 1319 909 ab
1345 841 1622 910 ecclesia
1649 841 1820 908 illius
1849 841 2085 908 aetatis
2121 841 2404 908 alienam
2436 844 2633 909 esse.¹
2688 845 2905 910 Move-

589 966 706 1046 tur,
751 961 845 1027 ait
884 966 1310 1039 Tertullianum
1365 963 1585 1029 anima
1616 964 1701 1029 ab
1733 960 1885 1046 alio,
1917 982 2061 1028 cum
2091 961 2494 1049 vaticinatur,
2525 983 2665 1029 cum
2696 962 2899 1030 furit.²

597 1085 852 1146 Gratiae
898 1088 1173 1147 convenit
1220 1087 1495 1158 ecstasi-r,
1549 1088 1617 1147 id
1653 1090 1743 1146 est
1781 1086 2061 1146 amentia.
2136 1086 2214 1145 In
2253 1087 2472 1161 spiritu
2524 1088 2680 1148 enim
2731 1087 2904 1148 homo

588 1206 968 1279 constitutus,
1004 1208 1374 1282 praesertim
1417 1222 1598 1282 quum
1642 1207 1905 1281 moriam
1933 1205 2049 1266 Dei
2088 1206 2407 1281 conspicit,
2448 1209 2544 1266 vel
2567 1222 2748 1282 quum
2776 1223 2902 1282 per

592 1326 784 1401 ipsum
817 1326 981 1386 Deus
1010 1326 1294 1402 loquitur,
1328 1342 1572 1387 necesse
1601 1332 1694 1387 est
1720 1326 1970 1387 excidat
1997 1340 2210 1397 sensu,
2255 1323 2645 1386 obumbratus
2677 1327 2910 1387 scilicet

584 1445 802 1505 virtute
842 1443 1102 1506 divina.³
1185 1448 1512 1508 Montanus
1553 1443 1700 1527 ipse
1745 1441 2153 1508 Paracletum
2195 1440 2293 1506 ita
2335 1440 2700 1525 loquentem
2727 1442 2907 1509 facit:

582 1551 771 1625 ’[δοὺ
824 1554 1258 1647 ἄνθρωπος
1300 1554 1488 1627 ὠσεὶ
1530 1557 1765 1646 λύρα,
1817 1553 2033 1647 κᾷγώ
2078 1558 2434 1646 ἵπταμαι
2473 1554 2669 1628 ὡσεὶ
2711 1563 2904 1648 πλῆ-

588 1682 858 1765 κτρον·
904 1674 943 1747 ὃ
977 1674 1339 1766 ἄνθρωπος
1368 1684 1672 1767 κοιμᾶται
1701 1673 1885 1768 κᾷγώ
1907 1682 2215 1767 γρηγορῶ
2231 1697 2244 1710 ·
2291 1676 2438 1746 ἰδοὺ
2465 1675 2691 1767 κύριός
2721 1679 2900 1747 ἐστιν

588 1792 627 1865 ὁ
687 1795 1026 1868 ἐκστάνων
1083 1802 1354 1886 καρδίας
1407 1794 1799 1887 ἀνθρώπων
1852 1802 1964 1867 καὶ
2024 1795 2245 1877 διδοὺς
2303 1801 2575 1885 καρδίας
2643 1795 2906 1886 ἀνθρώ-

584 1939 765 1996 ποις·
813 1917 1252 2006 ἐφίπταμαι
1295 1923 1425 1988 καὶ
1465 1916 1806 2008 πλήσσω
1858 1921 1971 1985 καὶ
2010 1923 2333 2008 γρηγοραῖ,
2376 1921 2489 1986 καὶ
2532 1918 2753 2010 ἐξιστᾷ
2796 1915 2906 1985 κύ-

583 2061 725 2122 ριος
768 2041 1054 2125 καρδίας.
1073 2042 1098 2083 4
1181 2042 1347 2107 Tam
1401 2041 1565 2107 mira
1616 2039 1904 2126 profecto
1951 2040 2300 2106 similitudo
2354 2038 2693 2107 intercedit
2735 2040 2903 2108 inter

590 2156 755 2225 haec
806 2159 1133 2227 Paracleti
1187 2166 1253 2227 et
1309 2160 1426 2226 illa
1480 2160 1974 2247 apologetarum
2029 2160 2259 2240 verba,
2311 2166 2382 2225 ut
2433 2159 2817 2247 apologetas
2864 2179 2907 2226 a

586 2277 880 2362 partibus
937 2280 1471 2348 Montanistarum
1535 2286 1711 2347 stare
1778 2280 2011 2366 conjici
2078 2287 2338 2366 posset,
2406 2279 2531 2345 nisi
2593 2280 2662 2346 in
2725 2280 2906 2347 libris

590 2416 808 2464 eorum
855 2420 1045 2468 omne
1091 2401 1435 2486 vestigium
1492 2399 1825 2467 doctrinae
1860 2398 2395 2467 Montanistarum
2440 2399 2523 2467 de
2569 2398 2908 2483 Paracleto

583 2518 1051 2588 revelationem
1097 2522 1511 2589 continuante
1564 2526 1630 2589 et
1677 2520 2053 2608 perficiente
2097 2518 2375 2587 deesset.
2396 2523 2421 2562 ⁵
2505 2517 2752 2598 Quodsi
2782 2523 2908 2584 Ha-

591 2707 742 2772 (θοὴ.
778 2713 850 2763 ad
889 2710 982 2764 (ἢ.
1019 2725 1063 2764 c.
1091 2712 1177 2777 27,
1224 2727 1278 2779 p.
1313 2711 1408 2764 802·
1463 2705 1748 2765 Ἐνταῢθά
1783 2728 1882 2782 μοι
1930 2709 2092 2762 δοκεῖ
2132 2703 2160 2761 ὃ
2197 2702 2437 2782 Πλάτων
2482 2704 2545 2760 οὗ
2586 2701 2765 2779 μόνον
2810 2705 2909 2761 τὸν

597 2793 728 2862 περὶ
763 2795 999 2863 κρίσεως
1033 2790 1187 2868 παρὰ
1224 2797 1335 2850 τῶν
1371 2798 1678 2868 προφητῶν
1698 2793 2091 2868 μεμαθηκέναι
2125 2789 2309 2863 λόγον,
2348 2787 2484 2846 ἄλλα
2518 2811 2613 2846 και
2649 2789 2747 2847 τὸν
2770 2794 2901 2863 περὶ

590 2880 685 2948 τῆς
731 2875 1140 2953 ἀπιστουμένης
1174 2880 1306 2953 παρ’
1335 2881 1603 2952 ςἘλλησιν
1637 2876 2029 2945 ἀναστάσεως).

728 2966 747 3006 ¹
807 2964 1445 3041 Gsr.Schwe91erum‚
1494 2969 1606 3022 Der
1643 2970 2034 3022 Montanismus
2076 2969 2188 3020 und
2230 2968 2316 3020 die
2363 2968 2654 3021 christliche
2694 2966 2904 3022 Kirche.

589 3065 643 3119 p.
670 3053 736 3104 24
760 3067 876 3121 sqq.

727 3134 757 3177 2
800 3140 882 3193 De
916 3144 1092 3195 anima
1130 3156 1174 3196 c.
1202 3140 1275 3196 VI
1311 3141 1397 3209 (T.
1422 3141 1494 3209 11,
1532 3157 1584 3210 p.
1603 3140 1722 3195 563.
1772 3137 1855 3193 ed.
1902 3139 2183 3203 Oelelevw).

631 3274 638 3283 .
729 3225 753 3262 3
801 3228 931 3280 Αάυ.
958 3228 1132 3281 Marc.
1159 3226 1251 3293 IV,
1278 3229 1362 3282 22.
1399 3226 1486 3294 (T.
1511 3225 1580 3289 ΙΙ,
1615 3242 1672 3295 p.
1696 3228 1839 3291 216).

727 3310 751 3350 ⁴²
797 3310 988 3381 Epiph.
1016 3314 1180 3367 Haer.
1208 3312 1454 3379 XLVIII,
1481 3315 1530 3368 4.

729 3397 754 3436 ⁵
797 3394 1094 3451 Manticam
1148 3398 1516 3467 inspirationis
1568 3398 1843 3453 notionem
1893 3396 1989 3450 illa
2039 3402 2222 3451 aetate
2274 3394 2666 3451 translaticiam
2720 3393 2905 3462 fuisse,

595 3481 678 3534 Hi
693 3481 992 3552 lqenseld
1005 3503 1078 3538 us
1124 3487 1249 3548 (Die
1295 3486 1744 3541 clementinischen
1782 3484 2185 3554 Recoynitionen
2229 3485 2342 3537 und
2377 3483 2667 3547 Homilien,
2704 3496 2757 3548 p.
2783 3481 2908 3544 210)

588 3564 758 3621 hocce
793 3568 918 3623 loco
957 3568 1311 3623 Homiliarum
1346 3568 1580 3627 Pseudo·
1587 3568 2041 3624 Clementinarum
2077 3566 2416 3637 comprobat.
2466 3565 2516 3619 εἰ
2564 3565 2627 3619 δὲ
2665 3564 2911 3634 παραδε-

591 3646 821 3724 ξῶμεθα
856 3672 950 3706 και
989 3651 1174 3728 ἡμεῖς,
1226 3652 1309 3713 ὡς
1354 3656 1419 3708 οἱ
1468 3657 1735 3719 πολλοὶ,
1784 3653 1863 3707 ὅτι
1898 3641 2000 3707 και
2033 3651 2061 3707 ὅ
2099 3650 2309 3723 ἀληθὴς
2348 3647 2639 3724 προφήτης
2674 3647 2738 3703 οὖ
2774 3645 2914 3703 πάν·

525 3737 532 3743 ’
592 3754 744 3803 τοτε,
783 3736 899 3793 ἀλλ’
937 3735 1138 3805 ἐνίοτε,
1191 3740 1279 3794 ow
1315 3738 1435 3811 ἔχει
1471 3738 1531 3795 τὸ
1565 3744 1814 3813 πνεῖμα,
1851 3741 1946 3793 καὶ
1985 3739 2078 3793 διὰ
2114 3741 2266 3794 τοῖτο
2305 3735 2712 3809 προγινώσκει,
2750 3730 2915 3789 ὅπὸτε

594 3820 658 3875 δὲ
692 3821 792 3877 οἰκ
827 3822 947 3896 ἔχει
985 3824 1198 3897 α’γνοεῖ,
1220 3859 1293 3868 -
1330 3822 1430 3884 ἐὰν
1463 3825 1635 3886 οὕτως
1667 3821 2047 3898 ὕπολάβωμεν,
2086 3844 2182 3878 και
2218 3820 2442 3883 ἑαυτοις
2476 3821 2781 3895 ἀπαιτῶμεν
2815 3822 2913 3874 καὶ

592 3906 789 3970 ἄλλους
836 3907 1264 3987 ἐνεδρείπομεν·
1322 3912 1394 3968 τὸ
1441 3931 1570 3984 γαρ
1628 3914 1944 3965 τοιοῦτον
1998 3912 2307 3985 μανικῶς
2376 3904 2914 3962 ἐνθουσιώντων

600 3988 794 4050 ἐστὶν
843 3995 968 4052 ὕπὸ
1010 3995 1393 4073 πνεύματος
1439 3994 1750 4060 ἀταξίας,
1796 3998 1922 4051 τῶν
1970 3991 2151 4066 παρὰ
2193 3998 2452 4067 βωμοῖς
2510 3988 2916 4066 μεθυόντων

597 4083 710 4134 καὶ
763 4086 1048 4156 κνίσσης
1104 4082 1653 4158 ἐμφορουμένων
1706 4086 1883 4151 (Hom.
1918 4082 2024 4150 111,
2071 4084 2161 4150 13,
2209 4098 2264 4150 p.
2289 4081 2371 4136 89.
2420 4079 2915 4148 ed.Solaweqzems).

593 4167 669 4219 At
711 4167 795 4223 his
839 4171 1019 4227 verbis
1066 4171 1312 4227 doctrina
1353 4176 1562 4225 tantum
1605 4168 1676 4225 de
1722 4168 2050 4240 temporaria
2100 4166 2489 4236 prophetarum
2534 4162 2909 4233 inspiratione,

593 4268 700 4308 non
736 4256 971 4312 mantica
1002 4257 1369 4328 inspirationis
1403 4257 1553 4311 notio
1588 4256 1864 4326 plerisque
1898 4254 2044 4308 illius
2080 4253 2279 4307 aetatis
2315 4251 2625 4307 christianis
2660 4247 2909 4303 attribui-

593 4344 681 4394 tur
689 4356 703 4408 3
750 4356 873 4399 nam
906 4344 1074 4402 verba
1117 4340 1178 4398 τὸ
1224 4339 1335 4416 γὰρ
1382 4343 1627 4398 τοιοῦτον
1662 4343 1770 4396 κτλ,
1808 4340 2081 4413 peculiare
2117 4336 2777 4395 Pseudoclementinorum
2815 4332 2907 4402 ju-
