3264 5076
1646 418 1690 492 3

497 647 704 709 tentes
748 664 831 709 cx
858 646 1120 723 Iosepho
1166 642 1525 728 audiamus,
1573 665 1698 728 quo
1729 644 1798 709 in
1828 644 2033 728 pretio
2068 645 2109 711 J
2112 642 2304 711 udaei
2329 644 2507 709 illum
2544 644 2807 729 scripto-

497 785 631 829 rum
676 761 1050 828 thesaurum
1080 760 1438 830 habuerint.
1514 762 1841 848 Josephus
1880 762 2021 830 loeo
2050 763 2161 828 illo
2194 762 2632 846 celeberrimo,
2678 784 2805 847 quo

496 883 827 950 veritatem
874 881 1461 967 historiographiac
1507 882 1855 948 hebraicae
1902 888 2125 949 contra
2166 881 2486 969 Apionem
2525 882 2809 950 defendit

502 1003 576 1088 (Ι,
606 1005 664 1068 8.
711 1004 785 1068 T.
822 1003 902 1087 Π,
945 1023 1008 1086 p.
1039 1005 1153 1065 441
1197 1001 1343 1089 sq),
1389 1003 1610 1088 populi
1658 1002 1757 1069 sui
1802 1022 2065 1068 causam
2111 1001 2248 1089 agit
2281 1003 2667 1087 minimeque
2698 1024 2808 1072 no-

500 1143 646 1188 vam
692 1120 1070 1206 doctrinam,
1116 1119 1237 1188 sed
1283 1143 1364 1189 ea
1408 1128 1672 1207 tantum,
1717 1142 1886 1206 quae
1933 1123 2209 1189 omnium
2257 1142 2512 1188 suorum
2542 1123 2809 1208 popula-

501 1243 660 1307 rium
714 1246 1042 1323 tamquam
1088 1240 1407 1307 mentibus
1453 1241 1652 1306 infixa
1697 1246 1907 1324 erant,
1953 1241 2210 1327 profert.
2287 1234 2384 1306 Οὔ
2415 1237 2538 1325 γὰρ
2584 1278 2662 1289 —-
2707 1242 2804 1307 in·

501 1362 635 1445 quit
681 1397 761 1409 -—
805 1356 1111 1446 μυριάδες
1145 1362 1419 1441 βιβλίων
1461 1360 1583 1426 εἰσὶ
1627 1354 1783 1445 παρ’
1817 1355 1973 1448 ἡμῖν
2002 1353 2428 1445 ἀσυμφώνων
2464 1362 2574 1427 καὶ
2607 1385 2806 1446 μαχο-

494 1482 741 1567 μένων·
788 1476 908 1546 δύο
948 1479 1019 1545 δὲ
1055 1475 1227 1566 μόνα
1251 1476 1419 1565 πρὸς
1450 1492 1589 1557 τοῖς
1617 1479 1822 1546 εἴκοσι
1853 1482 2097 1560 βιβλία,
2143 1481 2261 1546 τοῦ
2288 1477 2537 1557 παντὸς
2566 1478 2803 1567 ἔχοντα

497 1595 742 1686 χρόνου
796 1595 921 1686 τὴν
974 1592 1390 1686 ἀναγραφὴν,
1444 1595 1535 1665 τὰ
1587 1600 1910 1677 δικαίως
1965 1605 2145 1666 θεῖα
2202 1600 2798 1686 πεπιστευμένα.

496 1769 710 1787 .....
763 1719 980 1804 Δῆλον
1014 1711 1071 1785 δ’
1104 1716 1281 1784 ἔστιν
1307 1717 1497 1804 ἔργῳ,
1533 1720 1680 1795 πῶς
1706 1710 1886 1804 ἡμεῖς
1927 1732 2066 1795 τοῖς
2109 1719 2297 1795 ἰδίοις
2336 1715 2662 1805 γράμμασι
2691 1745 2801 1788 πε-

493 1834 952 1921 πιστεύκαμεν·
997 1832 1316 1903 τοσούτου
1346 1833 1470 1922 γὰρ
1502 1838 1747 1916 αἰῶνος
1775 1832 1899 1926 ἤδη
1928 1834 2403 1924 παρῳχηκότος
2429 1832 2580 1905 οὔτε
2604 1858 2804 1926 προσ-

496 1957 717 2025 θεῖναί
743 1981 842 2034 τις
867 1949 1060 2022 οὐδὲν
1083 1951 1234 2022 οὔτε
1264 1951 1534 2040 α’φελεϊν
1556 1951 1780 2024 αὐτῶν
1803 1953 1954 2025 οὔτε
1975 1962 2355 2042 μεταθεῖναι
2385 1953 2796 2045 τετόλμηκεν.

495 2081 710 2145 Πᾶσι
741 2073 883 2162 γὰρ
915 2071 1327 2162 σύμφυτόν
1357 2076 1568 2143 ἐστιν
1597 2077 1681 2142 ἐκ
1711 2079 1844 2163 τῆς
1876 2072 2187 2162 πρώτης
2222 2075 2606 2160 γενέσεως
2634 2071 2800 2143 'Iov-

496 2199 745 2274 δαίοις
778 2189 1198 2281 ὀνομάζειν
1234 2189 1439 2262 αὐτὰ
1471 2198 1669 2262 θεοῦ
1702 2191 2047 2283 δόγματα
2081 2198 2193 2262 καὶ
2221 2192 2481 2273 τούτοις
2504 2196 2802 2282 ἐμμένειν

493 2319 608 2384 καὶ
636 2317 786 2401 περὶ
815 2309 1053 2394 αὐτῶν,
1084 2315 1145 2382 εἰ
1171 2316 1335 2395 δέοι,
1379 2306 1697 2402 θνήσκειν
1729 2308 1957 2403 ἡδέως.
2020 2317 2122 2381 Ex
2166 2315 2267 2380 his
2312 2316 2527 2382 verbis
2572 2317 2804 2384 intelli-

495 2436 734 2520 gimuS,
777 2435 1209 2500 Israelitarum
1254 2441 1514 2518 gentem
1559 2455 1937 2521 persuasum
1977 2435 2101 2502 sibi
2145 2435 2478 2522 habuisse,
2525 2437 2803 2522 Scriptu-

484 2577 602 2623 ras
654 2575 876 2622 sacras
927 2576 1058 2621 non
1113 2554 1196 2620 ab
1250 2555 1610 2622 hominibus
1656 2555 1759 2622 vel
1807 2557 1889 2622 ab
1933 2554 2295 2622 hominibus
2355 2555 2539 2642 solie,
2598 2555 2717 2623 sed
2763 2579 2806 2623 a

493 2679 639 2743 Deo
682 2674 1031 2762 profectae,
1093 2694 1248 2760 ergo
1300 2675 1652 2760 inspiratas
1709 2694 1874 2741 esse.
1966 2675 2147 2753 Quae
2193 2673 2451 2760 quidem
2495 2675 2804 2744 certitudo

494 2795 732 2881 effecit,
783 2800 853 2861 ut
906 2795 985 2860 iis
1039 2794 1257 2862 divina
1311 2793 1660 2861 auctoritas
1706 2794 2098 2880 tribueretur,
2149 2814 2361 2877 neque
2400 2794 2522 2862 hoc
2575 2815 2652 2863 eo
2698 2796 2806 2863 de-

496 2937 665 2980 mum
718 2913 985 2981 consilio
1041 2914 1277 2980 factum
1323 2919 1450 2998 est,
1505 2920 1573 2981 ut
1617 2915 1913 2982 recitatio
1958 2934 2173 2981 eorum
2225 2915 2649 3001 synagogalis
2700 2914 2807 2982 de-

496 3033 879 3100 fenderetur.
970 3034 1238 3113 Qualem
1297 3039 1509 3100 autem
1565 3035 1692 3100 Dei
1745 3054 2119 3100 concursum
2173 3034 2241 3098 in
2299 3040 2443 3099 actu
2496 3035 2807 3120 composi-

495 3153 684 3221 tionis
724 3154 1190 3238 Scripturarum
1230 3173 1558 3219 sacrarum
1601 3155 2003 3221 statuerunt?
2075 3158 2116 3218 J
2121 3151 2483 3219 udaismum
2503 3153 2800 3250 ‘primum

495 3341 693 3395 librum
728 3339 874 3394 Ruth
911 3356 1028 3393 cum
1066 3339 1204 3393 libro
1238 3339 1520 3408 Judicum,
1558 3340 1806 3394 Thrcnos
1844 3356 1962 3393 cum
1999 3339 2263 3406 «Ieremia,
2313 3339 2508 3393 Esram
2545 3357 2661 3393 cum
2700 3340 2806 3395 Ne-

495 3426 675 3480 hemia
709 3425 1025 3494 conjungat,
1076 3424 1365 3481 arbitrarie
1400 3433 1581 3480 autem
1617 3424 1806 3479 Iobum
1852 3425 2106 3479 historice
2140 3424 2481 3479 inchoantem
2518 3430 2573 3478 et
2607 3442 2806 3480 exeun-

497 3519 606 3565 tem
643 3510 794 3565 libris
828 3510 1442 3580 historico-propheticis
1478 3516 1823 3577 annumeret,
1871 3510 1949 3564 ita
1983 3515 2043 3564 nt
2075 3510 2289 3564 tertium
2326 3510 2569 3566 ordinem
2603 3511 2803 3566 Psalmi

496 3601 732 3663 tantum,
783 3595 1102 3662 Proverbia,
1161 3595 1544 3661 EcclesiasteS,
1608 3594 1886 3649 Canticum
1936 3595 2275 3649 Canticorum
2321 3595 2569 3651 efficiant.
2642 3603 2691 3662 c)
2740 3599 2802 3652 In

494 3680 863 3736 Alexandrina
906 3680 1122 3748 quidem
1156 3680 1430 3748 versione,
1475 3695 1615 3748 quae
1661 3684 1922 3748 regnante
1958 3680 2268 3735 Ptolemaeo
2304 3679 2659 3750 Philadelpho
2695 3686 2803 3748 (ao,

495 3769 807 3833 281—246)
851 3765 1105 3819 inchoata
1149 3781 1266 3820 esse
1312 3764 1522 3833 dicitur,
1568 3764 1695 3819 libri
1740 3766 1984 3819 canonici
2032 3771 2088 3820 et
2122 3766 2444 3835 apocryphi,
2491 3766 2635 3821 inter
2668 3785 2804 3837 quos

493 3851 736 3907 nonnulli
771 3858 831 3905 ut
863 3851 1003 3905 liber
1028 3849 1341 3920 Sapientiae
1364 3866 1639 3920 nunquam
1673 3850 1856 3920 lingua
1890 3850 2148 3905 hebraica
2182 3850 2368 3920 scripti
2404 3851 2641 3919 fuerunt,
2678 3870 2803 3922 per-

493 3936 648 3990 mixti
683 3943 833 4003 sunt3
870 3935 975 3989 hoc
998 3951 1124 3989 vero
1148 3941 1441 4005 propterea
1464 3935 1667 3990 factum
1704 3943 1802 4004 est,
1842 3936 1968 4005 quia
2001 3935 2198 3990 Judaei
2232 3934 2585 3990 Alexandrini
2611 3954 2803 4007 parum

493 4027 750 4077 accurate
786 4026 1121 4084 statuerunt,
1170 4021 1384 4089 qualem
1418 4020 1546 4075 libri
1584 4022 1675 4091 qui
1707 4022 1765 4075 in
1800 4021 2042 4076 codicem
2077 4037 2290 4076 sacrum
2327 4021 2621 4091 recipiatur
2654 4023 2805 4079 indo-

489 4109 601 4162 lem
640 4122 760 4162 esse
796 4111 1071 4176 oporteat,
1120 4113 1282 4175 atque
1317 4105 1444 4161 inde
1478 4122 1588 4162 non
1619 4107 1726 4162 nisi
1759 4105 1817 4161 id
1852 4107 2111 4176 sequitur,
2147 4104 2384 4161 codicem
2421 4107 2664 4177 quidem,
2712 4111 2807 4164 mi-

484 4193 634 4247 nime
669 4197 849 4246 autem
885 4206 1144 4246 canonem
1176 4191 1666 4246 Alexandrinorum
1701 4192 1887 4261 plures
1921 4192 2088 4247 libros
2125 4208 2286 4263 quam
2322 4208 2584 4247 canonem
2614 4193 2807 4252 Palae-

486 4278 804 4332 stinensium
849 4277 1157 4348 amplexum
1213 4292 1347 4333 esse.
1395 4308 1457 4317 -
1509 4277 1616 4333 Cfr.
1653 4276 1724 4332 ad
1770 4276 1875 4332 hoc
1926 4279 2262 4333 Oehlerum
2305 4292 2348 4331 e.
2384 4294 2431 4332 ν.
2471 4279 2664 4335 Kanon
2712 4287 2805 4336 des

484 4367 631 4424 auen
675 4365 994 4425 Testamenta
1026 4362 1085 4417 in
1119 4363 1184 4422 H
1189 4365 1441 4441 erzoqii
1474 4363 1587 4419 RE.
1625 4362 1688 4418 Τ.
1709 4361 1827 4431 VII,
1864 4380 1918 4433 p.
1938 4366 2040 4417 254
2060 4379 2175 4434 sqq.

2322 4465 2388 4520 1.

29 4831 307 5032 im..
