3264 5076
1715 416 1797 492 10

580 653 782 729 esset;
825 651 1150 732 postremo
1184 641 1657 730 Hagiographa
1686 651 1752 712 et
1779 645 2028 730 origine
2058 652 2126 713 et
2170 646 2551 715 auctoritate
2581 634 2898 719 'inferiore

577 766 720 833 loeo
765 785 957 849 quam
989 761 1272 829 Thoram
1318 769 1383 830 et
1425 761 1792 850 Prophetas
1833 764 2141 852 ponenda
2183 786 2350 852 esse,
2397 768 2637 854 quippe
2672 767 2739 834 in
2769 769 2901 853 qui-

579 888 699 952 bus
744 880 1225 951 conscribendis
1272 889 1599 949 auctorum
1640 885 1970 967 ingenium
2017 891 2083 951 et
2124 905 2407 971 persona
2442 886 2897 972 praevaluerit.

579 1005 911 1086 Nusquam
966 1002 1159 1086 igitur
1202 1002 1398 1067 ullum
1444 1003 1788 1088 vestigium
1846 1011 2059 1071 exstat
2111 1005 2281 1071 illius
2337 1005 2421 1072 de
2478 1006 2897 1091 inspiratione

579 1123 937 1209 doetrinae,
982 1141 1150 1206 quae

751 1244 827 1311 B.
870 1243 939 1308 in
991 1243 1292 1310 ludaismo
1336 1259 1586 1326 graeco,
1634 1242 1721 1308 ad
1774 1263 1963 1328 quem
2008 1243 2528 1329 investigandum
2562 1244 2708 1329 jam
2747 1265 2891 1331 pro·

581 1362 926 1449 gredimur,
976 1361 1314 1428 invenitur.

752 1485 926 1547 Philo
979 1501 1111 1547 non
1164 1481 1373 1546 minus
1429 1499 1621 1565 quam
1674 1487 1975 1562 Iosephus
2032 1502 2257 1551 omnes
2312 1484 2558 1568 antiqui
2614 1482 2893 1550 foederis

579 1602 924 1688 scriptores
969 1600 1325 1687 prophetas
1370 1600 1661 1666 nominat
1700 1601 1894 1685 idque
1937 1623 2066 1669 uon
2112 1605 2265 1686 quia
2306 1622 2529 1669 omnes
2560 1602 2894 1670 vaticinati

578 1722 723 1806 sint,
771 1719 889 1787 sed
935 1721 1089 1803 quia
1130 1739 1358 1787 omnes
1402 1719 1697 1806 inspirati
1742 1720 1992 1787 fuerint.
2076 1728 2249 1787 Philo
2294 1724 2464 1789 enim
2512 1720 2890 1789 vocabulum

577 1836 925 1928 προφήτης
989 1841 1215 1909 eodem
1287 1860 1482 1907 sensu
1549 1859 1678 1923 quo
1746 1842 2122 1920 θεσπέσιος,
2176 1839 2515 1930 θιασώτης
2568 1859 2891 1925 usurpans

576 1961 916 2045 unicuique
949 1961 1131 2045 justo
1163 1965 1229 2025 et
1257 1959 1538 2044 sapienti
1562 1959 1723 2043 vire,
1772 1960 1968 2026 etiam
2007 1961 2264 2028 sibimet
2291 1961 2438 2047 ipsi,
2484 1980 2642 2043 ergo
2672 1965 2885 2026 aueto-

576 2079 752 2146 ribus
800 2099 1051 2163 quoque
1095 2079 1401 2146 librorum
1446 2079 1701 2146 Veteris
1743 2081 2146 2146 Testamenti
2187 2081 2598 2167 προφητείαν
2639 2080 2887 2163 tribuit3

579 2207 644 2265 et
685 2204 984 2278 lominus
1034 2200 1411 2265 Artaxerxis
1455 2199 1845 2281 Longimani
1888 2219 2187 2283 regnum,
2245 2200 2312 2265 in
2357 2198 2529 2282 quod
2573 2218 2677 2265 res
2720 2198 2886 2264 libro

577 2317 897 2385 Estherae
941 2325 1237 2384 narratas
1282 2316 1520 2384 eadere
1564 2322 1748 2404 putat
1764 2319 1775 2360 ¹
1793 2369 1810 2403 ,
1865 2319 2202 2385 terminum
2248 2318 2699 2385 canonicarum
2755 2318 2894 2383 lite-

577 2457 791 2503 rarum
824 2439 1177 2524 constituit,
1210 2459 1341 2505 non
1370 2437 1634 2504 ulterius
1674 2438 2182 2523 promovendum
2219 2434 2328 2504 διὰ
2356 2434 2434 2504 τό
2462 2433 2550 2525 μὴ
2579 2437 2889 2523 γενέσθαι

577 2555 703 2645 τὴν
743 2561 906 2625 τῶν
945 2560 1380 2646 προφητῶν
1415 2552 1652 2645 α’κριβῆ
1683 2554 2052 2645 διαδοχήν.2
2131 2561 2234 2626 De
2264 2557 2454 2643 hujus
2485 2558 2891 2645 προφητείας

577 2678 829 2745 ratione
875 2677 1027 2763 quid
1071 2678 1348 2744 senserit
1389 2682 1562 2743 Philo
1607 2677 1823 2743 multis
1867 2677 2032 2744 locis
2072 2677 2262 2743 nobis
2308 2677 2592 2762 exponit.
2681 2676 2893 2743 Prius-

580 2817 792 2884 quam,
835 2797 1058 2883 inquit,
1095 2796 1287 2863 homo
1319 2797 1559 2864 lumine
1590 2795 1810 2864 divino
1840 2796 2253 2882 illuminatur,
2297 2795 2622 2862 humanae
2651 2795 2888 2862 mentis

578 2918 790 2983 lumen
835 2916 1088 2983 occidat
1128 2936 1400 2984 neeesse
1444 2923 1564 3004 est;
1607 2916 1932 2983 humanae
1974 2916 2210 2982 rationi
2256 2936 2377 2981 sua
2427 2916 2616 3000 quasi
2647 2935 2764 2981 arx
2795 2923 2896 2981 est

580 3035 1033 3122 relinquenda,
1089 3043 1160 3101 ut
1212 3035 1485 3121 Spiritus
1545 3034 1800 3102 divinus
1862 3035 2157 3102 introeat.
2252 3036 2393 3101 Hoc
2455 3033 2647 3101 modo
2691 3034 2885 3100 homo

577 3154 706 3221 Dei
735 3174 854 3240 per
880 3155 1088 3241 ipsum
1118 3156 1438 3240 loquentis
1467 3174 1783 3241 organum
1812 3154 1886 3222 fit
1911 3156 2142 3222 suimet
2170 3155 2372 3239 ipsius
2401 3175 2533 3221 non
2564 3153 2891 3221 conscium

579 3291 657 3339 ac
701 3275 1035 3341 voluntate
1088 3276 1353 3363 propria
1404 3276 1752 3362 privatum3
1808 3275 1969 3341 nihil
2024 3273 2199 3341 aliud
2254 3280 2356 3340 est
2398 3273 2522 3338 nisi
2574 3273 2892 3357 interpres

578 3394 854 3480 Spiritus
875 3395 1077 3462 divini
1101 3394 1355 3461 neseius
1379 3393 1532 3477 quid
1551 3394 1867 3477 loquatur.
1907 3396 2118 3460 Homo
2141 3393 2492 3478 inspiratus
2516 3412 2647 3458 non
2679 3392 2886 3458 solum

577 3515 645 3579 in
689 3505 961 3597 regnum
1006 3514 1287 3581 eoeleste
1333 3521 1577 3599 raptus,
1623 3512 1744 3581 sed
1787 3513 1983 3581 etiam
2026 3519 2246 3581 mente
2294 3518 2519 3596 eaptus
2564 3518 2691 3596 est3
2738 3530 2887 3575 eon·

577 3631 736 3699 ditio
783 3635 923 3718 ejus
971 3641 1072 3700 est
1114 3632 1475 3711 ἔκστασις
1519 3639 1583 3699 et
1624 3629 2122 3721 θεοφόρητος
2163 3632 2449 3719 μανία.3

721 3857 738 3897 ¹
790 3858 994 3926 Antiqq.
1018 3854 1115 3922 xl,
1142 3857 1191 3911 6.
1226 3854 1289 3910 Τ.
1315 3856 1358 3922 Ι,
1396 3871 1450 3922 p.
1471 3856 1573 3906 566
1598 3868 1714 3923 sqq.

717 3944 740 3982 ²
791 3942 845 3996 Ο.
874 3946 971 4007 Ap.
998 3940 1042 4009 Ι,
1067 3942 1116 3995 8.
1153 3939 1214 3993 T.
1242 3940 1311 4007 11,
1349 3956 1402 4008 p.
1428 3941 1546 3993 441.

715 4028 742 4070 3
794 4029 922 4089 Quis
954 4045 1052 4080 rer.
1079 4029 1180 4080 div.
1207 4027 1347 4079 haer.
1386 4024 1448 4079 T.
1473 4025 1515 4080 1.
1560 4039 1612 4093 p.
1638 4026 1768 4078 511:
1807 4022 1932 4077 ‘'Ots
1965 4023 2073 4096 μὲν
2110 4026 2236 4094 φῶς
2272 4019 2579 4095 ἐπιλάμψει
2614 4020 2676 4077 τὸ
2712 4026 2889 4086 θεῖον,

578 4108 765 4167 δύεται
816 4109 877 4165 τὸ
924 4109 1307 4184 ἀνθρώπινον,
1359 4109 1445 4163 ὅτε
1491 4107 1554 4163 δὲ
1590 4105 1773 4163 ἐκεῖνο
1822 4106 1967 4168 δι’·ει.
2016 4106 2157 4163 τοῦτ’
2194 4107 2423 4180 ἀνίσχει
2458 4110 2555 4161 καὶ
2591 4106 2891 4163 ἀνατέλλει.

586 4198 673 4274 Τῷ
724 4196 787 4251 δὲ
825 4198 1151 4270 προφητικῷ
1199 4194 1357 4265 γένει
1394 4196 1558 4265 φιλεῖ
1593 4196 1747 4248 τοῖτο
1784 4196 2137 4267 συμβαίνειν·
2184 4189 2508 4256 ἐξοικίζεται
2540 4191 2648 4266 μὲν
2681 4189 2792 4264 γὰρ
2830 4189 2896 4247 ἐν

576 4282 716 4357 ἡμῖν
741 4280 770 4336 ὅ
795 4285 923 4342 νοῦς
945 4278 1083 4335 κατὰ
1119 4276 1220 4351 τὴν
1242 4282 1336 4335 τοῦ
1376 4281 1534 4333 θείου
1571 4275 1883 4352 πνεύματος
1919 4276 2135 4351 ἄφιξιν,
2171 4279 2311 4334 κατὰ
2335 4279 2399 4332 δὲ
2422 4275 2526 4348 τὴν
2545 4276 2890 4351 μετανάστα·

576 4386 673 4422 σιν
707 4366 872 4421 αὐτοῦ
908 4361 1081 4421 πάλιν
1115 4360 1460 4429 ἐνοικίζεται.
1529 4360 1705 4438 Θέμις
1740 4361 1852 4436 γὰρ
1883 4364 1986 4418 οὔκ
2020 4360 2137 4418 ἐστι
2172 4358 2384 4434 θνητὸν
2408 4358 2674 4438 ἀθανάτῳ
2710 4383 2891 4417 συνοι·
