3264 5076
1495 403 1582 475 59

379 650 649 696 monens
696 628 971 713 priorem
1017 629 1205 695 Pauli
1259 628 1347 695 ad
1399 630 1580 715 ipsos
1632 626 2004 713 epistolam,
2060 647 2225 710 quae
2273 635 2339 693 et
2382 627 2530 712 ipsa
2573 627 2700 693 fae-

383 752 627 814 tionum
674 748 1030 813 certamina
1061 748 1359 833 castigat,
1390 748 1567 814 hisce
1596 749 1810 814 verbis
1860 748 2346 812 commemorat¹
2370 772 2414 812 :-
2441 741 2705 812 Ἀναλα-

384 873 525 949 βετε
569 864 693 954 τὴν
739 864 1090 953 ἐπιστολὴν
1131 870 1252 934 τοῦ
1295 870 1619 953 μακαρίου
1664 863 1937 933 Παύλου
1982 870 2102 931 τοῦ
2146 859 2538 932 α’ποστόλου.
2621 867 2692 930 Τί

384 989 657 1072 πρῶτον
700 980 856 1070 ὑμῖν
901 985 974 1051 ἐν
1018 979 1185 1071 ἀρχῇ
1231 990 1345 1053 τοῦ
1383 981 1758 1072 εὐαγγελίου
1799 985 1890 1070 (h.
1923 1007 1978 1052 e.
2011 986 2237 1070 primis
2267 985 2692 1068 evangelicae

384 1106 886 1191 praedicationis
932 1107 1353 1192 temporibus)
1400 1088 1716 1191 ἔγραψεν;
1760 1099 1901 1170 Ἐπ’
1944 1098 2324 1191 ἀληθείας
2366 1128 2701 1188 πνευμα-

383 1229 620 1303 τικῶς
694 1225 1145 1292 ἐπέστειλεν
1203 1220 1401 1310 ὑμῖν,
1447 1228 1597 1310 περὶ
1657 1220 1860 1290 αὐτοῦ
1915 1249 1985 1290 τε
2044 1226 2155 1291 καὶ
2209 1227 2409 1311 Κηφᾶ
2462 1247 2533 1290 τε
2586 1224 2698 1289 καὶ

383 1339 705 1424 Ἀπολλώ,
753 1341 859 1411 διὰ
901 1340 979 1409 τὸ
1026 1346 1137 1410 καὶ
1181 1340 1330 1410 τότε
1372 1347 1745 1431 προκλίσεις
1787 1339 1955 1430 ὑμᾶς
1995 1347 2412 1431 πεποιῆσθαι.
2490 1342 2695 1407 Falso

383 1484 463 1530 ex
509 1465 618 1530 illo
662 1466 1118 1548 πνευματικῶς
1163 1462 1529 1531 ἐπέστειλεν
1572 1460 1728 1550 ὑμῖν
1773 1465 2250 1548 colligeremUS,
2298 1463 2694 1529 Clementem

388 1585 588 1648 Paulo
648 1585 715 1648 in
779 1590 926 1649 actu
982 1585 1302 1651 scribendi
1364 1585 1851 1670 inspirationem
1907 1583 2232 1668 quandam
2285 1583 2722 1667 peculiarem„

386 1704 467 1768 ab
522 1703 945 1787 inspiratione
1009 1725 1149 1770 eum
1221 1706 1587 1789 apostolatu
1645 1705 1886 1771 donata
1952 1702 2308 1787 diversam,
2371 1702 2697 1785 tribuisse3

385 1822 451 1886 id
507 1842 662 1888 vero
715 1823 921 1890 verba
966 1823 1331 1908 ostendunt,
1376 1845 1521 1891 eum
1567 1825 1909 1909 epistolam
1955 1824 2133 1889 illam
2180 1823 2520 1888 Paulinam
2565 1842 2695 1886 non

387 1943 468 2008 ab
512 1942 792 2009 humano
838 1948 1105 2027 tantum,
1150 1943 1269 2009 sed
1313 1945 1505 2010 etiam
1553 1944 1774 2010 divino
1808 1944 2046 2027 Spiritu
2079 1943 2440 2028 repetiisse.
2521 1942 2699 2008 Sane

388 2068 590 2126 utrum
655 2063 958 2128 Clemens
1016 2061 1187 2128 hane
1238 2063 1425 2128 Pauli
1478 2063 1817 2148 epistolam
1877 2062 2130 2148 scriptis
2175 2062 2427 2129 Veteris
2473 2064 2701 2127 Testa-

383 2182 581 2247 menti
627 2182 1063 2267 aequipararit
1109 2203 1314 2249 necne
1370 2205 1500 2250 non
1545 2183 1764 2267 liquet.
1841 2182 2143 2265 Legimus
2184 2180 2443 2264 quidem
2475 2179 2544 2245 in
2571 2178 2699 2245 fine

386 2323 526 2386 eap.
571 2303 923 2369 XXXIV2:
990 2303 1183 2388 Λέγει
1234 2298 1386 2387 γάρ·
1435 2295 1788 2386 ὀφθαλμὸς
1832 2296 1954 2367 οὐκ
2000 2297 2203 2379 οἶδεν,
2264 2302 2375 2366 καὶ
2419 2289 2534 2376 οὖς
2578 2293 2701 2364 οὐκ

379 2416 674 2508 ἤκουσεν,
720 2423 832 2487 καὶ
885 2420 993 2488 ἐπὶ
1037 2423 1315 2509 καρδίαν
1361 2415 1484 2488 οὐκ
1527 2416 1744 2507 α’νέβη,
1794 2415 1914 2487 ὅσα
1956 2416 2307 2508 ἡτοίμασεν
2346 2433 2486 2497 τοῖς
2540 2414 2701 2487 ὑπο·

383 2543 690 2625 μένουσιν
734 2534 953 2621 αὐτόν,
1000 2549 1064 2609 et
1108 2564 1249 2608 eum
1296 2542 1462 2609 haee
1489 2543 1555 2607 in
1586 2543 1822 2609 Vetere
1854 2545 2278 2609 'I‘estamento
2317 2540 2400 2606 ad
2431 2540 2698 2608 verbum

390 2662 479 2726 ita
538 2682 668 2726 non
719 2661 1157 2745 inveniantur,
1214 2661 1339 2728 (liei
1391 2663 1599 2748 possit
1655 2664 2052 2729 Clementem
2108 2663 2314 2728 locum
2360 2660 2699 2726 Paulinum

390 2781 593 2846 ICor.
624 2783 704 2859 II,
737 2786 774 2844 9
819 2781 1092 2849 formula.
1137 2781 1305 2866 λέγει
1348 2778 1471 2866 γὰρ
1519 2780 1635 2865 (se.
1681 2778 1839 2859 θεός
1884 2781 2021 2848 sive
2064 2777 2313 2868 γραφή)
2367 2779 2701 2864 indueere3

395 2901 506 2965 sed
555 2902 796 2966 Paulus
849 2902 991 2985 ipse
1052 2900 1215 2966 haee
1270 2901 1547 2967 afferens
1604 2901 1879 2968 formula
1930 2895 2023 2978 ὥς
2077 2901 2433 2986 γέγραπται
2475 2900 2702 2980 utitur;

389 3021 658 3084 formula
701 3021 892 3104 igitur
939 3001 1346 3086 Clementina
1389 3020 1705 3088 formulae
1748 3021 2058 3086 Paulinae
2090 3021 2494 3105 respondet.3
2572 3022 2702 3086 Ali·

394 3140 638 3221 quoties
687 3140 987 3205 Clemens
1034 3140 1388 3205 sententias
1424 3160 1505 3205 ex
1552 3141 1700 3205 aliis
1748 3160 1997 3224 quoque
2043 3141 2229 3206 Pauli
2274 3141 2597 3227 epistolis⁴
2638 3148 2704 3207 et

393 3278 469 3322 ex
524 3260 803 3344 epistola
857 3259 942 3324 ad
996 3260 1369 3326 Hebraeos5
1438 3260 1506 3324 in
1550 3281 1730 3326 usum
1780 3280 1957 3325 suum
2005 3263 2342 3344 convertit,
2401 3261 2518 3327 sed
2572 3261 2702 3346 epi-

393 3379 584 3443 stolas
643 3379 790 3442 illas
851 3378 1089 3445 diserte
1147 3400 1277 3444 non
1331 3378 1571 3444 laudat.
1638 3447 1643 3453 ,
1689 3381 2044 3446 Praeterea
2097 3381 2409 3446 nonnulla
2463 3378 2699 3447 Christi

394 3498 580 3563 effata
641 3497 897 3583 refertss,
961 3500 1057 3564 ita
1127 3506 1372 3581 tamen,
1438 3504 1505 3563 ut
1572 3500 1768 3564 fontis
1835 3500 2225 3565 mentionem
2290 3520 2420 3565 non
2485 3499 2698 3566 faeiat.

400 3620 905 3694 Tischendorfim,
970 3619 1077 3701 qui
1148 3618 1488 3702 epistolam
1557 3618 2026 3685 Clementinam
2093 3639 2221 3684 non
2289 3618 2486 3683 multo
2553 3625 2703 3704 post

526 3842 544 3879 1
595 3840 646 3894 Ο.
674 3840 892 3905 XLVII,
931 3857 984 3908 p.
1011 3842 1077 3892 94
1114 3839 1220 3904 (ed.
1262 3840 1383 3893 Hes.
1407 3857 1474 3909 ‚pa
1501 3842 1611 3894 118.
1664 3840 1745 3894 ed.
1785 3840 1948 3909 Hilgf.
1986 3841 2029 3908 1,
2066 3857 2119 3909 p.
2144 3843 2252 3904 50).

524 3925 547 3965 ²
589 3942 641 3993 p.
667 3928 732 3977 80
771 3923 877 3989 (ed.
915 3924 1035 3978 Hes.
1072 3941 1126 3992 p.
1155 3927 1268 3977 100.
1315 3925 1396 3980 ed.
1435 3925 1598 3994 Hilgf.
1637 3926 1678 3990 Ι,
1717 3942 1769 3994 p.
1796 3928 1902 3987 38).

526 4012 548 4048 3
593 4009 699 4064 Cfr.
739 4011 1237 4080 Hilyenseldum
1272 4010 1344 4064 ad
1377 4010 1520 4064 hunc
1556 4012 1746 4066 locum.

531 4096 551 4134 ⁴
594 4096 659 4149 E.
684 4112 733 4163 g.
773 4111 816 4149 e.
843 4094 1047 4149 XXXV
1081 4094 1233 4149 Rom.
1260 4096 1303 4162 1,
1341 4113 1394 4165 p.
1424 4099 1643 4150 29—32.

527 4183 549 4220 5
591 4181 656 4236 Ε.
680 4197 732 4248 g.
771 4196 815 4234 e.
839 4180 1072 4235 XXXVI
1106 4179 1274 4236 Hebr.
1299 4181 1342 4249 I,
1381 4184 1412 4235 3
1439 4196 1556 4249 sqq.

526 4267 549 4306 ⁰
592 4282 635 4320 c.
668 4264 801 4318 XIII
845 4266 1043 4320 Matth.
1071 4266 1173 4332 VI,
1197 4269 1437 4321 12—15.
1486 4267 1617 4334 VII,
1663 4270 1703 4322 1.
1742 4270 1788 4321 2.
1848 4267 1976 4321 Luc.
2005 4266 2103 4334 VI,
2139 4268 2380 4323 36—38.
2445 4284 2490 4324 c.
2526 4269 2700 4323 XLVI

403 4346 578 4405 Matth.
603 4349 800 4416 XXVI,
823 4352 904 4406 24.
942 4350 1144 4418 XVIII,
1171 4355 1220 4406 6.
1255 4351 1384 4406 Luc.
1410 4352 1583 4414 XVII,
1610 4355 1661 4410 2.
