3264 5076
1566 413 1659 487 34

454 639 804 705 alletoritas
865 638 1271 724 assignanda
1333 646 1461 724 est,
1534 640 1756 726 quidni
1817 640 1963 707 illos
2018 658 2270 726 quoque
2324 639 2522 705 libros
2567 637 2778 705 latiori

380 834 391 842 .
453 778 650 824 sensu
694 757 1101 844 apocryphos
1155 758 1498 845 recipiunt,
1561 782 1723 845 quos
1782 766 2004 847 patres
2061 757 2458 845 apostolicos
2508 756 2770 843 scriptu-

457 878 544 943 ris
590 878 792 943 sacris
846 897 1272 945 annumerare
1317 881 1548 964 negari
1593 882 1864 964 nequit?
1952 883 2284 949 Barnabas
2338 878 2511 946 enim
2563 877 2771 943 locum

461 1018 497 1064 e
550 1003 779 1080 quarto
845 996 1007 1064 libro
1070 998 1276 1065 Esrae
1351 998 1498 1084 (lv,
1544 1005 1619 1067 5:
1689 993 1853 1067 ὅταν
1911 998 1986 1066 ἐκ
2054 994 2256 1081 ξύλου
2318 993 2477 1084 αἷμα
2537 992 2775 1082 στάξῃ)

461 1117 650 1182 affert
703 1138 844 1183 cum
897 1117 1171 1183 formula
1228 1119 1398 1204 λέγει
1455 1114 1494 1186 ὁ
1552 1116 1809 1205 κύριοςι
1878 1125 1946 1185 et
2004 1119 2234 1186 librum
2278 1116 2575 1185 Henochi
2618 1121 2777 1181 tam-

462 1256 652 1319 quam
706 1235 1089 1323 scripturam
1145 1256 1398 1303 sacram
1454 1238 1711 1305 laudat:
1780 1236 1860 1306 τὸ
1913 1239 2167 1305 τέλειον
2231 1232 2605 1304 σκάνδαλον
2662 1232 2780 1322 [γε’-

461 1353 764 1443 γραπται]
826 1349 1093 1442 ἤγγικεν
1142 1357 1294 1441 περὶ
1345 1347 1425 1422 οὗ
1481 1359 1856 1444 γέγραπται,
1902 1352 1998 1436 ὥς
2031 1351 2247 1442 Ἑνώχ
2300 1355 2525 1442 λέγει.2
2625 1360 2777 1420 Wie-

459 1476 726 1538 selencs³
785 1473 1041 1559 quidem
1093 1474 1266 1542 istud
1318 1478 1469 1562 περὶ
1522 1466 1602 1543 οὗ
1646 1477 2004 1564 γέγραπται
2057 1497 2187 1543 non
2241 1476 2326 1542 ad
2379 1476 2611 1542 librum
2654 1476 2780 1540 He·

463 1592 674 1677 nochi‚
737 1593 854 1660 sed
909 1593 996 1659 ad
1056 1615 1164 1681 ea,
1220 1616 1388 1679 quae
1443 1596 1607 1664 liber
1660 1595 1953 1663 Danielis
2018 1595 2160 1683 (IX,
2190 1598 2293 1661 24.
2328 1594 2478 1681 27)⁴,
2542 1594 2627 1661 de
2687 1592 2778 1659 of-

462 1711 782 1780 fendiculo
829 1720 1270 1782 consummato
1315 1714 1545 1800 habet,
1599 1723 1929 1802 spectare,
1971 1716 2173 1782 verba
2214 1735 2370 1783 vero
2422 1708 2519 1792 ὥς
2564 1708 2778 1798 Ἑνώχ

466 1833 633 1918 λέγει
678 1831 764 1898 ad
806 1826 1070 1919 ἤγγικεν
1112 1834 1435 1920 pertinere
1482 1834 1824 1922 contendit,
1869 1836 2170 1920 quoniam
2217 1835 2275 1901 si
2320 1834 2510 1901 aliter
2550 1851 2658 1900 res
2703 1852 2776 1898 se

467 1950 738 2018 haberet
778 1973 910 2018 non
953 1946 1049 2029 ὥς
1082 1947 1297 2039 Ἑνώχ
1340 1955 1527 2041 λέγει,
1573 1954 1694 2022 sed
1741 1953 1814 2021 ἐν
1845 1948 2060 2039 Ἑνώχ
2091 1951 2499 2022 scribendum
2526 1953 2774 2019 fuisset.

469 2072 555 2136 At
606 2070 663 2136 si
713 2091 875 2138 vera
926 2079 1100 2139 esset
1142 2072 1309 2141 haec
1362 2074 1703 2141 Wieseleri
1763 2075 2114 2159 sententia,
2166 2072 2391 2158 quidni
2433 2071 2775 2138 Barnabas

471 2190 755 2278 scripsit:
800 2187 881 2256 τὸ
923 2191 1176 2259 τέλειον
1221 2190 1611 2271 σκάνδαλον,
1655 2193 1806 2278 ,περὶ
1838 2181 1917 2259 οὗ
1944 2193 2318 2279 γέγραπται,
2360 2185 2640 2280 ἤγγικεν,
2685 2185 2780 2268 ὥς

461 2305 676 2395 Ἑνώχ
719 2311 930 2395 zera?
1008 2310 1450 2380 Praeferenda
1497 2314 1691 2398 igitur
1727 2319 1828 2379 est
1869 2311 2313 2397 interpretatio
2361 2332 2404 2377 a
2448 2313 2775 2376 Muenero⁵

473 2429 772 2515 defensa,
832 2450 999 2515 quae
1054 2434 1205 2517 περὶ
1245 2420 1325 2498 οὖ
1366 2433 1723 2519 γέγραπται
1768 2438 1834 2498 et
1876 2425 1971 2509 ὥς
2003 2426 2220 2517 Ἑνώχ
2262 2432 2434 2518 λέγει
2478 2429 2565 2498 ad
2607 2430 2778 2497 idem

469 2551 679 2636 refert,
723 2559 795 2618 ut
833 2550 1103 2618 alterum
1147 2554 1351 2622 altero
1381 2554 1738 2620 accuratius
1767 2552 2125 2620 definiatur.
2194 2552 2456 2620 Librum
2489 2550 2783 2620 Henochi
2849 2552 2854 2556 ’

474 2671 748 2757 allegari
805 2679 1105 2757 putamus
1160 2672 1261 2740 his
1322 2694 1574 2760 quoque
1630 2672 1977 2740 Barnabae
2028 2673 2275 2740 verbis:
2334 2673 2505 2758 λέγει
2558 2668 2683 2759 γὰρ
2738 2666 2779 2759 ἡ

473 2788 726 2879 γραφή·
781 2793 893 2858 καὶ
944 2788 1123 2857 ἔσται
1170 2786 1272 2889 ἐπ’
1314 2789 1614 2879 ἐσχάτων
1664 2787 1946 2880 ἡμερῶν,
2001 2788 2380 2879 παραδώσει
2432 2787 2659 2876 κύριος
2699 2786 2782 2856 τὰ

472 2906 776 2996 ,πρόβατα
824 2913 940 2996 τῆς
993 2914 1195 2999 νομῆς
1248 2914 1361 2980 καὶ
1410 2908 1534 2999 τὴν
1582 2907 1884 2998 μάνδραν
1926 2904 2151 2977 αὐτῶν
2192 2911 2306 2977 καὶ
2354 2905 2477 2977 τὸν
2526 2906 2783 2996 πύργον

476 3025 701 3097 αὐτῶν
743 3029 835 3107 εἰς
874 3028 1370 3115 καταφθοράν.θ
1469 3032 1651 3098 Multi
1697 3029 1955 3117 quidem
1999 3032 2385 3117 interpretes
2428 3029 2534 3096 hic
2576 3029 2787 3096 locum

471 3148 793 3236 quendam
840 3150 1091 3218 Veteris
1138 3151 1557 3237 Testamenti,
1600 3152 1741 3218 sive
1782 3153 1916 3218 Jer.
1941 3152 2144 3236 XXV,
2167 3154 2251 3215 36
2294 3151 2433 3217 sive
2466 3151 2603 3216 Jes.
2630 3148 2703 3234 V,
2725 3153 2785 3232 5,

473 3272 685 3338 afferri
729 3270 1191 3338 existimarunt.
1266 3269 1400 3336 Sed
1444 3271 1534 3336 ibi
1580 3290 1793 3355 neque
1827 3270 1994 3339 ovile
2032 3290 2243 3355 neque
2285 3269 2475 3336 turris
2513 3287 2784 3336 comme-

611 3511 630 3551 ¹
680 3512 737 3566 C.
763 3507 887 3577 XII,
921 3525 975 3578 p.
1002 3510 1070 3562 28
1103 3507 1212 3576 (ed.
1238 3507 1359 3564 Hef.
1394 3526 1448 3579 p.
1473 3511 1556 3564 30.
1593 3508 1677 3565 ed.
1704 3509 1865 3579 Hilgf.
1892 3509 1961 3578 11,
1996 3525 2049 3578 p.
2077 3509 2183 3574 38).

609 3596 635 3637 2
681 3595 740 3651 C.
764 3595 857 3663 lv,
896 3612 948 3665 p.
974 3594 1123 3650 LXV
1159 3593 1264 3663 (ed.
1291 3594 1453 3665 Hilgf.
1479 3595 1550 3664 11,
1585 3612 1639 3665 p.
1666 3597 1737 3660 8).

606 3684 629 3720 3
674 3683 785 3735 Der
820 3681 985 3750 Briqf
1010 3685 1101 3735 des
1135 3683 1434 3736 Barnabas.
1506 3683 1835 3737 Jahrbucher
1863 3680 1974 3749 fiir
2007 3681 2243 3736 deutsche
2288 3680 2576 3750 Theoloyie.
2641 3680 2786 3733 1870.

465 3782 518 3835 p.
546 3769 646 3820 603
671 3782 750 3835 sq.

607 3854 631 3894 ⁴
675 3854 868 3908 Versio
912 3853 1085 3907 latina
1126 3852 1318 3907 habet:
1377 3852 1762 3908 consummata
1796 3852 1936 3906 enim
1972 3850 2232 3918 tentatio,
2279 3849 2348 3906 de
2383 3865 2492 3919 qua
2527 3849 2784 3918 scriptum

472 3949 580 4008 est,
619 3941 759 3994 sicut
793 3937 989 3994 Daniel
1023 3937 1180 4004 dicit,
1229 3938 1695 4007 adpropinquavit.
1769 3936 1877 3992 Csr.
1913 3940 1977 3992 Η
1980 3941 2029 3992 il
2036 3956 2152 4007 qen
2143 3936 2201 4006 s
2199 3940 2256 3991 el
2267 3941 2304 3991 d
2313 3956 2433 4001 um,
2481 3936 2593 3988 Der
2627 3934 2790 4001 Briqf

470 4032 562 4082 cles
595 4030 880 4082 Barnabas
916 4032 974 4081 in
1009 4026 1416 4081 altlateinisclaer
1461 4024 1848 4094 Uebersetzunq.
1921 4022 2227 4091 Zeitschrisl
2257 4022 2366 4090 sicr
2400 4019 2783 4088 wirsenschqst-

473 4115 603 4167 licha
647 4114 937 4182 Theoloyie.
999 4127 1051 4179 p.
1082 4113 1182 4162 262
1208 4126 1323 4179 sqq.

605 4201 630 4239 5
684 4199 982 4267 Erkldruny
1027 4200 1117 4250 des
1152 4196 1643 4263 Barnabasbriej'es.
1715 4194 1822 4247 Ein
1859 4195 2087 4262 Anhang}
2129 4211 2193 4246 zu
2226 4195 2290 4246 de
2340 4190 2538 4247 Wette’s
2574 4192 2783 4260 exeyeti-

469 4287 639 4338 schem
676 4285 973 4338 Handbuch
1009 4302 1121 4336 zum
1156 4282 1230 4336 N.
1266 4283 1325 4335 T.
1389 4281 1535 4333 1869.
1571 4296 1624 4349 p.
1652 4283 1734 4333 99.

605 4372 631 4414 6
677 4370 734 4427 C.
758 4367 902 4436 XVI,
938 4383 992 4441 p.
1018 4369 1085 4421 36
1121 4366 1230 4437 (ed.
1255 4365 1379 4422 Hes.
1415 4383 1468 4439 p.
1494 4368 1576 4420 42.
1623 4363 1786 4438 Hilgf.
1812 4364 1884 4432 11,
1923 4380 1975 4438 p.
2003 4365 2111 4427 52).
