3264 5076
1616 417 1697 487 51

492 646 745 712 tanismi
791 644 1247 729 reprobatione
1280 644 1770 710 Ebionitismum
1803 643 1870 706 in
1901 640 2244 706 ecclesiam
2274 635 2810 707 'subintroducere

492 766 826 832 voluisse.¹
912 765 996 830 At
1041 765 1096 828 si
1140 763 1261 829 hoc
1309 764 1616 848 agebant,
1665 768 1834 826 certe
1871 782 1999 825 non
2043 767 2177 824 tam
2214 759 2632 824 vehementer
2668 781 2811 825 con-

494 892 592 950 tra
646 885 1104 961 revelationes,
1161 904 1323 967 quas
1379 883 1619 948 Paulus
1678 888 2043 966 acceperat,
2109 901 2402 965 pugnare
2459 880 2802 965 debebant,

494 1026 678 1087 quum
725 1004 850 1068 hac
895 1003 1172 1088 apostoli
1220 1002 1551 1087 gentilium
1597 1001 2082 1085 impugnatione
2127 1000 2497 1087 proderent,
2542 1010 2805 1084 quanto-

493 1145 644 1210 pere
689 1124 815 1208 ipsi
861 1130 924 1188 et
969 1123 1246 1189 ecclesia
1308 1120 1631 1186 catholica
1688 1120 2127 1185 dissentirent.
2218 1120 2614 1186 Contradicit
2658 1124 2801 1188 sibi-

493 1251 622 1310 met
666 1244 791 1328 ipsi
840 1242 1239 1327 Schwegleri
1284 1242 1626 1307 sententia.
1719 1241 2149 1319 Quamobrem
2208 1246 2529 1325 tenemus,
2583 1246 2801 1327 apolo-

490 1369 670 1448 getas
712 1363 861 1427 illos
908 1383 944 1427 e
989 1362 1420 1444 Platonismo,
1468 1381 1660 1443 quem
1706 1366 1856 1425 ante
1905 1360 2391 1425 conversionem
2425 1381 2606 1426 suam
2639 1365 2801 1428 veri-

491 1484 639 1548 tatis
697 1482 904 1548 studio
966 1481 1265 1547 adierant
1319 1488 1384 1546 et
1439 1479 1768 1545 christiani
1824 1481 1976 1544 sacti
2030 1486 2357 1561 tamquam
2413 1482 2792 1547 vestibulum

487 1602 812 1686 religionis
862 1601 1250 1667 christianae
1296 1601 1520 1683 magni
1564 1600 1782 1664 facere
1820 1600 2197 1684 pergebant,
2231 1601 2575 1665 manticam
2605 1602 2797 1687 inspi-

488 1722 753 1786 rationis
790 1721 1116 1787 notionem
1149 1720 1509 1804 repetiisse.
1590 1721 1740 1814 Nou
1772 1719 1982 1784 minus
2014 1720 2199 1785 nobis
2231 1725 2498 1804 constat,
2543 1719 2796 1787 radices

489 1835 818 1906 ecstaseos
854 1840 1385 1905 Montanistarum
1430 1840 1496 1903 in
1545 1838 1952 1922 ethnicismo,
2005 1839 2316 1923 imprimis
2357 1840 2428 1902 in
2474 1839 2796 1905 enthusia-

490 1960 646 2025 stico
691 1960 803 2024 illo
850 1960 1133 2042 Cybeles
1181 1961 1351 2024 cultu
1394 1959 1641 2044 positas
1690 1977 1863 2042 esse,
1922 1959 2029 2039 qui
2082 1958 2149 2022 in
2202 1958 2489 2043 Phrygia
2542 1960 2795 2043 potissi-

487 2100 653 2144 mum
714 2078 987 2144 florebat
1040 2085 1105 2145 et
1161 2079 1335 2161 cujus
1392 2077 1755 2143 sacerdotio
1801 2080 2143 2144 Montanus
2200 2079 2595 2160 aliquantum
2641 2085 2796 2144 tem-

484 2202 653 2285 poris
697 2200 947 2264 functus
994 2218 1142 2263 esse
1187 2198 1510 2264 refertur.²
1590 2199 1796 2280 Urget
1841 2198 2096 2280 quidem
2144 2203 2562 2274 Sclzmeylerus
2608 2204 2793 2263 atrox

482 2319 637 2385 illud
668 2318 911 2404 odium,
941 2300 1063 2400 quo
1099 2317 1389 2382 Montani
1419 2318 1714 2382 asseclae
1748 2316 2097 2381 doctrinam
2130 2317 2453 2399 vitamque
2486 2318 2790 2400 gentilem

480 2439 775 2505 insectati
812 2439 1008 2520 sint33
1060 2443 1125 2501 at
1154 2436 1277 2501 hoc
1306 2437 1498 2503 facile
1536 2436 1690 2502 inde
1724 2437 2033 2521 explicari
2055 2443 2285 2521 potest,
2317 2436 2485 2518 quod
2508 2438 2792 2523 prosely-

485 2565 590 2625 tae
634 2560 1044 2644 religionem,
1096 2579 1287 2640 quam
1333 2557 1778 2642 deseruerunt,
1824 2557 2053 2640 majori
2100 2557 2246 2622 odio
2291 2556 2531 2623 habere
2585 2558 2795 2624 solent

485 2699 673 2762 quam
704 2680 769 2757 ii,
802 2678 908 2761 qui
944 2678 1243 2762 religioni
1275 2680 1357 2743 ab
1399 2677 1528 2742 illis
1576 2677 1824 2743 electae
1856 2677 2008 2743 inde
2043 2697 2083 2741 a
2111 2676 2325 2761 pueris
2358 2674 2597 2741 addicti
2627 2684 2793 2743 sunt.

489 2868 576 2901 ται
629 2845 842 2918 ἀληθὴς
894 2846 971 2900 ὧν
1009 2848 1525 2918 προεπιγνωσθείς,
1572 2847 1666 2899 καὶ
1714 2843 1785 2905 ὡς
1833 2843 1860 2899 ὃ
1892 2841 2204 2918 μανθάνων
2242 2846 2421 2910 θέλει,
2472 2841 2792 2906 ἐξετασθείς

488 2937 579 2987 καὶ
606 2932 935 3006 ἆνακριθεὶς
962 2930 1339 3002 ἀποκρίνεται.
1379 2930 1405 2983 ὃ
1433 2931 1496 2985 δὲ
1522 2928 1759 3002 ὀπτασίᾳ
1789 2929 2065 2984 πιστεύων
2091 2930 2122 3001 ἧ
2152 2928 2385 3005 ὁράματι
2409 2933 2503 2985 καὶ
2530 2927 2791 3006 ἐνυπνίῳ,

489 3014 803 3088 ἐπισφαλής
838 3013 1003 3072 ἐστιν.
1067 3014 1267 3088 ἇγνοεῖ
1300 3015 1410 3088 γὰρ
1456 3019 1567 3071 τίνι
1607 3013 1869 3071 πιστεύει.
1927 3012 2214 3087 ἐνδέχεται
2251 3013 2362 3088 γὰρ
2401 3013 2568 3071 αὑτὸν
2602 3016 2634 3086 ἢ
2674 3020 2792 3072 δαί-

481 3123 623 3176 μονα
657 3099 831 3157 κακὸν
867 3097 1031 3168 εἶναι,
1072 3101 1102 3173 ἢ
1144 3106 1363 3175 πνεῦμα
1399 3103 1627 3168 πλάνον,
1669 3099 1730 3157 ἐν
1765 3106 1839 3177 τῷ
1878 3098 2065 3171 λέγειν
2104 3100 2541 3177 ὑποκρινόμενον
2575 3103 2722 3161 εἶναι
2763 3108 2790 3161 ὃ

479 3186 551 3261 μή
591 3185 761 3244 ἐστιν.
800 3220 865 3228 -
902 3192 1055 3244 Hom.
1085 3189 1256 3254 XV11‚
1292 3193 1368 3254 Ν,
1408 3206 1457 3257 p.
1488 3192 1601 3242 377.
1629 3191 1752 3241 379:
1782 3184 1842 3241 τὸ
1881 3184 2204 3253 ἀδιδάκτως,
2247 3188 2376 3242 τ’ίνευ
2404 3188 2670 3251 ὀπτασίας
2695 3197 2789 3247 καὶ

478 3273 723 3344 ὀνείρωνΙ
752 3279 983 3344 μαθεῖν,
1040 3271 1390 3339 ἇποκάλυψίς
1439 3270 1591 3327 ἐστιν
1629 3316 1641 3327 .
1670 3317 1681 3328 .
1711 3316 1758 3326 ..
1795 3270 1856 3326 τὸ
1906 3273 1967 3327 δὲ
2015 3271 2230 3331 ἔξωθεν
2267 3274 2338 3328 δι’
2377 3274 2662 3332 ὀπτασιῶν
2695 3282 2790 3333 καὶ

481 3355 753 3415 ἐνυπνίων
801 3361 1126 3429 δηλωθῆναί
1170 3379 1220 3412 τι
1272 3359 1347 3413 ὅτι
1394 3358 1491 3414 οὐκ
1530 3358 1684 3413 ἔστιν
1724 3355 2147 3426 ἇποκαλίτψεως,
2194 3358 2307 3414 ἄλλ’
2347 3359 2541 3433 ὀργῆς,
2591 3368 2789 3436 φαίνε-

483 3465 582 3500 ται,
632 3478 698 3485 -
741 3447 894 3500 Haec
929 3447 1097 3499 verba
1141 3462 1246 3499 non
1292 3446 1463 3499 solum
1501 3446 1568 3499 ad
1605 3446 1830 3499 Paulum
1870 3453 1922 3499 et
1957 3448 2341 3514 revelationeS‚
2390 3465 2523 3516 quas
2560 3452 2786 3520 accepit,

484 3532 576 3585 sed
625 3533 786 3586 etiam
833 3530 903 3585 ad
946 3531 1302 3584 Montanistas
1348 3532 1648 3600 respicere,
1707 3548 1803 3585 nos
1851 3548 1968 3583 cum
2019 3537 2261 3587 Raurio
2315 3536 2450 3597 (Die
2497 3538 2788 3590 christliche

483 3619 689 3672 Gnosia
747 3634 800 3686 p.
834 3619 982 3682 385),
1035 3619 1490 3672 Schliemanno
1538 3618 1670 3680 (Die
1722 3617 2066 3671 Clementiam
2121 3622 2263 3673 πώεσι
2316 3624 2412 3673 den
2465 3628 2788 3677 verzoandten

479 3703 739 3772 Schrzflen
786 3708 893 3757 und
939 3706 1030 3756 der
1078 3703 1468 3758 Ebionitismu&
1526 3720 1577 3771 p.
1615 3706 1712 3754 547
1752 3707 1880 3770 sq.),
1930 3707 2333 3774 Schweqlero
2374 3705 2435 3771 (l.
2473 3724 2513 3760 e.
2572 3725 2624 3775 p.
2659 3711 2780 3772 144)

481 3793 661 3840 contra
698 3788 1191 3858 Hilqenfelclum
1231 3787 1287 3851 (l.
1315 3804 1357 3841 c.
1395 3805 1447 3857 p.
1475 3791 1572 3842 302
1594 3795 1692 3855 sq.)
1727 3793 1987 3843 tenemus

612 3873 629 3913 ¹
676 3872 737 3925 L.
769 3889 813 3925 c.
851 3890 903 3941 p.
932 3876 1029 3925 149
1058 3887 1134 3939 sq.

616 3958 641 3998 ²
683 3958 746 4010 In
779 3958 917 4011 libro
956 3958 1024 4011 de
1062 3956 1343 4025 Trinitate,
1384 3959 1474 4026 qui
1510 3959 1740 4028 Didymo
1776 3960 2144 4016 Alexandrino
2182 3963 2446 4031 tribuitur,
2486 3966 2622 4020 haec
2658 3968 2786 4036 legi-

483 4057 616 4096 mus:
664 4041 963 4102 Dlovwvbc
1000 4037 1141 4116 μετὰ
1177 4038 1277 4111 τὴν
1312 4041 1597 4114 ἀνάληψιν
1634 4049 1729 4099 τοῦ
1767 4047 2013 4116 σωτῆρος
2050 4047 2221 4100 πλέον
2246 4047 2274 4118 ἢ
2301 4047 2439 4121 μετὰ
2475 4048 2671 4105 ἑκατὸν
2695 4050 2782 4122 ἔτη

478 4124 856 4199 γενόμενος
901 4123 1129 4199 ἱερεὺς
1173 4132 1440 4197 πρῶτον
1488 4127 1801 4194 εἰδώλου,
1851 4133 1945 4184 καὶ
1996 4132 2162 4190 οὕτως
2196 4134 2295 4203 τὴν
2328 4133 2544 4206 τυφλήν
2584 4137 2783 4208 ταύτην

477 4209 907 4285 εἰσηγησάμενος
941 4213 1177 4287 αἵρεσιν.
1221 4243 1282 4252 -
1319 4213 1425 4270 (Jfr.
1453 4218 1914 4288 Schweylerum
1959 4218 1992 4270 l.
2020 4235 2062 4271 c.
2108 4235 2160 4287 p.
2190 4221 2255 4270 78
2288 4235 2401 4286 sqq.
2482 4225 2784 4278 Neandri

476 4299 774 4367 Allyevneine
815 4302 1113 4354 Geschichce
1150 4304 1241 4353 cler
1278 4301 1602 4356 christlichen
1647 4305 1883 4374 Reliqion
1921 4308 2027 4358 und
2065 4304 2270 4359 Kirche.
2326 4303 2370 4367 Ι,
2410 4323 2461 4375 p.
2488 4311 2605 4364 581.

606 4384 629 4425 3
673 4384 733 4438 L.
763 4400 805 4438 c,
841 4401 893 4454 p.
921 4386 1003 4439 82.

2304 4476 2370 4528 4*
