3264 5076
1584 381 1672 452 68
1691 474 1778 481 m--

460 608 631 670 tatos
662 623 810 668 esse
843 602 1124 669 confidit.
1203 604 1389 682 Quod
1424 610 1768 669 Crednems
1812 610 1878 671 et
1921 605 2062 690 ipse
2108 604 2336 689 sensit3
2381 604 2579 690 paulo
2611 604 2781 669 enim

459 722 655 788 infra:
705 723 820 788 Sin
865 743 1041 807 vero,
1088 724 1310 807 inquit,
1357 724 1722 791 versionem
1769 723 2039 789 latinam
2086 724 2227 788 loco
2273 730 2491 789 nostro
2537 728 2780 789 rectam

463 862 611 908 esse
657 843 914 927 probari
970 848 1221 927 posset,
1278 862 1432 908 usus
1478 841 1735 910 dicendi
1782 863 1956 928 eum,
2009 841 2116 926 qui
2170 844 2422 927 integre
2468 847 2535 909 et
2576 842 2782 909 libere

468 961 944 1046 interpretatur,
991 967 1277 1045 cogeret,
1318 962 1514 1027 aliam
1545 963 1881 1029 verborum
1916 963 2417 1047 explicationem
2450 981 2782 1046 quaerere.

466 1083 548 1146 Et
604 1101 952 1163 quamnam
997 1080 1183 1148 nobis
1229 1082 1529 1167 proponit
1583 1082 2124 1167 explicationem?
2212 1081 2575 1148 Verisimile
2636 1100 2781 1146 esse

468 1200 798 1286 opinatur,
844 1201 1048 1265 verba
1092 1199 1255 1285 Eph.
1287 1200 1392 1279 IV,
1427 1205 1508 1264 26
1555 1200 1872 1267 dictiones
1917 1221 2066 1268 esse
2111 1201 2587 1286 proverbiales,
2634 1221 2785 1285 qua-

461 1341 599 1384 rum
645 1319 853 1385 altera
903 1339 941 1385 e
985 1320 1292 1404 Psalmis,
1333 1321 1541 1386 altera
1585 1340 1668 1385 cx
1716 1319 2089 1406 apocrypho
2137 1319 2418 1403 quodam
2466 1321 2630 1386 libro
2672 1319 2780 1384 flu-

463 1439 648 1522 xerit,
695 1439 788 1504 ita
818 1445 886 1504 ut
914 1444 1033 1502 hae
1057 1446 1423 1519 scripturae,
1471 1460 1635 1522 quas
1668 1441 2067 1525 Polycarpus
2100 1440 2365 1524 allegat,
2400 1439 2779 1507 Psalterium

467 1565 531 1623 et
576 1559 739 1624 liber
792 1558 901 1625 ille
959 1560 1365 1645 apocryphus
1420 1559 1575 1645 sint,
1636 1561 1904 1626 exclusa
1957 1559 2238 1645 epistola
2289 1559 2584 1625 Paulina.
2681 1560 2782 1624 Ne

469 1677 661 1760 igitur
706 1678 1061 1744 concedere
1106 1684 1391 1764 cogatur,
1426 1679 1566 1762 jam
1598 1679 1941 1765 Polycarpi
1988 1684 2204 1747 aetate
2249 1679 2559 1764 epistolas
2598 1678 2784 1744 Pauli

480 1797 682 1864 sacris
728 1798 1055 1884 scripturis
1109 1819 1255 1865 esse
1314 1806 1800 1877 annumeratae,
1857 1799 2084 1865 librum
2141 1798 2462 1883 quendam
2524 1819 2788 1884 apocry-

469 1916 692 2002 phum,
747 1937 935 2001 quem
983 1939 1260 2002 unquam
1307 1918 1514 1984 lucem
1560 1918 1806 1984 vidisse
1853 1919 2115 2005 probari
2160 1919 2410 2004 nequit,
2461 1917 2783 1983 commini-

474 2037 667 2102 scitur
715 2057 985 2119 eumque
1033 2058 1074 2102 a
1118 2038 1480 2124 Polycarpo
1527 2039 1803 2104 Psalmis
1858 2059 2081 2124 parem
2139 2038 2424 2105 habiturn
2472 2058 2618 2105 esse
2661 2037 2785 2104 sibi

475 2157 842 2241 persuadet.
937 2157 1094 2236 Quis
1141 2179 1269 2225 non
1315 2156 1511 2242 videt,
1555 2156 1875 2242 ejusmodi
1921 2159 2333 2243 conjecturis,
2380 2157 2787 2242 quantumxis

480 2276 608 2342 sint
651 2277 1061 2360 ingeniosae,
1107 2277 1448 2344 veritatem
1497 2277 1857 2343 confirmari
1902 2279 2113 2363 potius
2146 2299 2338 2362 quam
2363 2276 2789 2344 labefactari?

649 2397 939 2481 Apparet
964 2397 1157 2482 igitur
1185 2418 1318 2463 non
1344 2398 1555 2483 magis
1580 2418 1663 2464 ex
1693 2398 1986 2483 epistolis
2006 2398 2365 2484 Ignatianis
2394 2417 2589 2481 quam
2613 2416 2650 2462 e
2670 2399 2786 2462 Po-

475 2515 874 2603 lycarpiana,
886 2517 1030 2601 jam
1050 2515 1231 2584 initio
1256 2518 1502 2584 saeculi
1525 2518 1790 2584 alterius
1813 2517 2124 2604 epistolas
2158 2517 2550 2604 apostolicas
2574 2523 2639 2584 et
2664 2517 2788 2583 col-

476 2639 819 2704 lectionem
853 2636 1265 2721 scriptionum
1297 2638 1842 2723 evangelicarum,
1877 2639 1944 2703 in
1978 2639 2206 2723 quibus
2241 2645 2415 2705 certo
2441 2638 2789 2723 evangelia

481 2756 815 2839 Matthaei,
849 2759 1086 2834 Lucae,
1115 2757 1388 2822 Joannis
1421 2763 1486 2823 et
1514 2758 1697 2823 sicuti
1726 2779 1806 2823 ex
1837 2758 2101 2824 Eusebii
2135 2757 2299 2844 (h.e.
2326 2760 2438 2842 111,
2465 2759 2575 2844 39)
2622 2758 2792 2824 rela-

480 2887 654 2953 tione
677 2874 1129 2960 concludimus,
1157 2875 1349 2943 etiam
1372 2878 1606 2943 Marci¹
1638 2885 1794 2962 erat,
1818 2884 1882 2943 et
1901 2878 2156 2943 omnino
2174 2878 2370 2944 libros
2388 2878 2555 2961 illos,
2578 2877 2686 2960 qui
2706 2878 2789 2943 ab

485 3001 766 3072 Eusebio
787 3001 1234 3081 nuncupantur
1251 2988 1758 3082 ὁμολογούμενα,
1782 2999 1865 3063 ab
1899 2997 2174 3063 ecclesia
2205 2998 2533 3082 scripturis
2549 2998 2804 3064 Veteris

482 3118 884 3192 Testamenti
925 3122 1254 3199 tamquam
1286 3118 1486 3182 sacris
1517 3117 1934 3202 aquiparatos
1981 3137 2156 3197 esse,
2202 3117 2266 3183 id
2312 3116 2486 3200 quod
2528 3116 2796 3182 Eusebii

483 3241 850 3313 testimonio
884 3236 1341 3303 confirmatur.2
1413 3235 1515 3300 An
1538 3257 1783 3303 -revera
1814 3238 2128 3303 absonum
2162 3247 2280 3321 est,
2316 3237 2661 3303 ecclesiam
2688 3234 2797 3302 de-

481 3363 715 3432 functis
756 3357 1021 3427 summis
1075 3356 1202 3421 illis
1248 3356 1560 3441 apostolis
1606 3376 1953 3441 eorumque
1992 3356 2352 3442 discipulis,
2408 3357 2515 3440 qui
2560 3357 2795 3421 colum·

629 3658 645 3696 ¹
692 3654 872 3708 Etiam
919 3652 1185 3702 Pastorem
1234 3649 1479 3712 Hermae,
1525 3646 1616 3714 qui
1663 3661 1731 3699 ex
1770 3647 2194 3717 Hilyenfeldi
2239 3649 2372 3709 (Die
2417 3650 2798 3717 apostolischen

501 3746 653 3798 Vener
696 3758 749 3809 p.
783 3741 883 3792 158
914 3741 1079 3806 sqq),
1141 3737 1460 3789 Volkmari
1507 3735 1647 3794 (Der
1705 3733 1977 3803 Urspruny
2016 3752 2200 3786 uns-rer
2241 3734 2558 3804 Evanyelien
2600 3749 2653 3801 p.
2691 3736 2798 3800 64),

485 3829 854 3883 Scholtenii
897 3825 952 3889 (l.
987 3840 1031 3877 e.
1089 3840 1141 3891 p.
1170 3825 1221 3880 6)
1270 3818 1541 3873 sententia
1587 3835 1631 3872 c.
1669 3835 1753 3872 an.
1785 3821 1881 3871 130
1920 3818 2254 3886 conscriptus
2302 3823 2414 3885 est,
2464 3818 2797 3887 evangelium

487 3913 662 3969 Marci
707 3910 1042 3973 adhibuisse,
1093 3910 1158 3961 K
1157 3909 1346 3961 oestli
1355 3908 1425 3959 ni
1435 3925 1508 3958 us
1549 3906 1683 3969 (Der
1730 3904 2003 3975 Urspruny
2036 3910 2147 3959 und
2192 3908 2277 3958 die
2321 3904 2665 3973 Composition
2710 3909 2803 3958 der

489 4000 847 4070 synoptischen
882 3997 1197 4063 Evanyelien
1232 4008 1284 4059 p.
1313 3994 1409 4044 347
1439 3994 1541 4057 sq.)
1579 3988 1881 4055 affirmavit,
1921 3991 2009 4042 Hi
2021 3990 2396 4059 lqenfeldus
2431 3989 2486 4048 (l.
2514 4004 2559 4042 c.
2595 4005 2647 4057 p.
2678 3991 2800 4053 184)

488 4090 635 4139 certe
681 4096 880 4149 negare
923 4095 1031 4133 non
1074 4093 1235 4132 ausus
1284 4081 1381 4129 est.
1459 4075 1717 4129 Hermam
1765 4074 2041 4143 evangelio
2096 4090 2309 4142 quoque
2351 4073 2598 4129 Joanneo
2643 4091 2798 4128 usum

493 4185 640 4236 esse,
689 4169 746 4221 K
751 4170 808 4221 ei
818 4170 974 4220 mins
1009 4164 1065 4230 (l.
1091 4180 1136 4218 c.
1184 4180 1236 4231 p.
1267 4164 1364 4215 143
1389 4164 1491 4229 sq.)
1525 4161 1616 4213 vix
1651 4176 1751 4228 pro
1787 4164 1936 4214 certo
1973 4160 2157 4227 evicit,
2188 4174 2510 4230 quamquam
2545 4160 2651 4215 loci
2686 4160 2803 4228 qui-

486 4254 608 4309 dam
646 4251 888 4307 Pastoris
924 4250 1225 4306 sententiae
1264 4247 1381 4316 ejus
1415 4246 1597 4300 favere
1634 4244 1896 4299 videntur.
2561 4237 2574 4244 ”

621 4343 644 4382 2
692 4338 798 4395 Cfr.
841 4341 891 4393 T
898 4342 930 4394 Ῑι
944 4337 1317 4402 ierschium,
1369 4334 1586 4391 Versuch
1619 4351 1710 4388 zur
1745 4333 2078 4405 Heratelluny
2113 4342 2207 4386 etc.
2247 4348 2301 4407 p.
2328 4333 2447 4392 314,
