3264 5076
1704 415 1789 491 14

580 651 793 708 actum
836 639 1259 726 praedicandi
1305 649 1371 709 et
1413 652 1623 710 actum
1663 643 2007 729 scribendi,
2052 644 2222 711 inter
2251 642 2670 712 revelationis
2702 642 2898 709 histo-

584 760 749 827 riam
795 766 861 827 et
907 762 1460 846 conscriptionem.

755 880 874 946 His
920 882 1316 964 argumentis
1364 882 1834 969 comprobatur,
1887 883 2222 951 Philonem
2268 888 2335 949 et
2367 884 2409 950 J
2411 882 2722 969 osephum
2766 903 2897 948 non

584 1000 792 1066 solum
836 999 907 1065 in
951 1020 1212 1067 munere
1258 1002 1535 1087 publico,
1580 1002 1698 1069 sed
1746 1003 1944 1071 etiam
1988 1003 2056 1069 in
2092 1009 2238 1070 actu
2270 1001 2596 1070 scribendi
2627 1001 2900 1089 prophe-

586 1119 669 1185 tis
724 1119 1025 1186 tribuisse
1084 1116 1507 1208 θεοφόρητον
1558 1123 1819 1207 μανίαν.
1919 1123 2159 1202 Quaeri
2199 1123 2339 1206 jam
2395 1127 2640 1207 potest,
2695 1131 2895 1186 utmm
2966 1147 2972 1153 ·

586 1244 765 1305 Philo
808 1248 867 1305 et
903 1244 1201 1318 Iosephus
1246 1261 1644 1321 quaecunque
1680 1249 1746 1307 in
1790 1247 2116 1322 Scriptura
2158 1249 2443 1321 lequnmr
2481 1241 2555 1306 ἐν
2602 1236 2897 1306 ἐκστάσει

587 1363 655 1424 et
695 1360 896 1448 μανίᾳ
948 1364 1183 1439 scripta
1237 1381 1366 1426 esse
1419 1366 1721 1426 senserint
1772 1382 1998 1432 necne..
2076 1359 2465 1446 Negandum
2511 1359 2793 1444 videtur,
2840 1359 2896 1425 si

587 1485 865 1565 reputes,
886 1484 1153 1559 primum
1182 1478 1537 1566 Josephum
1571 1479 1885 1549 adversus
1907 1481 2226 1567 Apionem
2250 1501 2566 1548 summam
2590 1480 2894 1547 librorum

584 1598 855 1667 «Iudaeis
887 1619 1216 1665 sacrorum
1245 1592 1657 1682 ἀξιοπιστίαν
1683 1599 2120 1668 adstruentem
2151 1622 2282 1667 non
2314 1601 2607 1668 omnibus
2635 1601 2892 1684 quibus·

591 1738 839 1801 cunque
879 1724 1267 1804 potestatem
1305 1718 1629 1786 scribendi
1667 1717 1887 1785 datam
1928 1741 2076 1787 esse
2115 1719 2352 1804 dicere,
2395 1719 2513 1787 sed
2544 1718 2666 1787 hoc
2693 1719 2895 1787 fuisse

587 1858 818 1909 munus
883 1841 1024 1904 τῶν
1075 1841 1447 1926 προφητῶν
1504 1835 1586 1905 τὰ
1643 1838 1764 1923 μὲν
1815 1833 2139 1906 ἀνωτάτω
2193 1841 2304 1906 καὶ
2354 1836 2437 1905 τὰ
2486 1835 2900 1906 παλαιότατα

589 1953 758 2023 κατὰ
786 1954 909 2045 τὴν
937 1955 1286 2024 ἐπίπνοιαν
1313 1954 1435 2044 τὴν
1478 1951 1611 2025 α’πό
1656 1961 1775 2025 τοῦ
1818 1962 1984 2025 θεοῦ
2026 1956 2408 2045 μαθόντων,
2452 1955 2545 2025 τὰ
2590 1958 2670 2024 δὲ
2713 1981 2814 2023 κα
2828 1951 2899 2023 θ’

588 2071 882 2154 αὖτοὺς
934 2072 1043 2154 ὠς
1086 2075 1396 2163 ἐγένετο
1440 2080 1708 2160 σαφῶς
1752 2073 2443 2165 συγγραφόντωνῑ,
2491 2078 2718 2162 quibus
2759 2077 2894 2161 qui-

590 2196 738 2264 dem
793 2197 1008 2264 verbis
1052 2196 1337 2263 indicare
1381 2196 1656 2281 videtur,
1703 2219 1786 2265 ea
1828 2219 1995 2281 quae
2043 2198 2390 2283 scriptores
2436 2197 2606 2265 sacri
2649 2196 2734 2263 de
2778 2217 2900 2264 sua

592 2323 810 2383 aetate
874 2317 1155 2383 referunt
1226 2317 1366 2382 sine
1432 2316 1656 2382 afflatu
1721 2315 1941 2383 divino
2011 2319 2375 2404 conscripta
2436 2337 2611 2402 esse3
2679 2321 2899 2381 demde

589 2457 674 2503 ne
706 2437 1136 2503 Mosaicorum
1182 2434 1438 2521 quidem
1481 2437 1784 2503 librorum
1838 2437 2174 2504 materiam
2221 2457 2257 2503 e
2302 2435 2702 2504 revelatione
2755 2442 2900 2500 tan-

591 2562 725 2623 tum
795 2557 1026 2625 deduci
1090 2557 1233 2624 loco
1296 2557 1410 2624 illo
1475 2561 1712 2636 Antiqq.
1758 2556 1863 2635 IV,
1916 2561 1974 2643 6,
2015 2561 2086 2622 13
2156 2556 2271 2644 (T.
2311 2560 2361 2638 Ι,
2387 2632 2392 2636 ,
2422 2579 2485 2644 p.
2529 2555 2717 2641 223),
2786 2554 2897 2620 ubi

589 2677 866 2763 legimus
925 2678 1169 2743 Mosem
1225 2675 1499 2743 Bileami
1552 2674 1857 2744 vaticinia
1910 2679 2071 2746 tanti
2121 2678 2383 2756 fecisse,
2437 2682 2507 2742 ut
2549 2675 2648 2741 sui
2693 2675 2896 2761 ipsius

591 2798 848 2883 scriptis
882 2818 966 2863 ea
996 2797 1461 2863 interseruerit.
1481 2798 1505 2838 ²
1584 2795 1673 2861 At
1704 2795 1826 2861 loci
1863 2796 1994 2886 isti,
2024 2798 2254 2882 quibus
2287 2796 2609 2863 humanae
2640 2816 2894 2881 quoque

591 2923 861 2982 naturae
906 2915 1212 2983 librorum
1257 2936 1582 2982 sacrorum
1613 2917 1777 2983 ratio
1809 2916 2039 2984 haberi
2075 2916 2341 3002 videtur,
2377 2922 2526 3006 sunt
2558 2914 2900 3001 perpauci3

589 3037 801 3121 neque
820 3034 972 3102 inde
1005 3034 1386 3102 concludere
1415 3036 1603 3101 nobis
1624 3037 1792 3123 licet,
1824 3035 2162 3103 Philonem
2182 3034 2623 3121 ethosephum
2647 3034 2896 3102 variam

588 3158 716 3224 Dei
760 3157 829 3222 in
871 3155 1051 3222 libris
1096 3155 1222 3220 illis
1263 3154 1611 3222 exarandis
1644 3155 2000 3224 efficaciam
2033 3157 2356 3223 statuisse.
2426 3157 2597 3222 Nam
2626 3155 2898 3240 primum

592 3295 814 3342 omnes
860 3281 1156 3341 auctores
1203 3294 1422 3340 sacros
1461 3274 1816 3361 prophetas
1860 3276 2107 3362 dicunt3
2152 3275 2388 3342 deinde
2420 3296 2614 3340 unum
2646 3279 2894 3358 tantum

591 3395 1032 3482 inspirationis
1077 3393 1499 3479 propheticae
1533 3393 1790 3461 modum
1824 3401 2346 3480 commemorant3
2389 3394 2589 3461 libros
2619 3393 2897 3478 denique

588 3514 926 3586 historicos
941 3558 962 3599 ,-
1000 3513 1312 3598 imprimis
1358 3512 1913 3592 Pentateuchicos‚
1958 3515 2146 3581 Philo
2193 3514 2541 3599 allegorice
2585 3513 2898 3599 interpre-

589 3640 759 3699 tatur
804 3654 882 3699 ac
911 3630 1183 3719 proinde
1216 3632 1527 3716 originem
1563 3633 1963 3700 strictissime
1994 3621 2280 3701 divinam
2311 3634 2390 3699 iis
2427 3632 2730 3699 attribuit.
2793 3630 2902 3695 At-

587 3759 803 3822 tamen
829 3751 1237 3821 concedimus
1262 3752 1460 3818 libros
1491 3772 1712 3819 sacros
1743 3775 1787 3819 a
1808 3752 2081 3821 Philone
2111 3731 2175 3820 et
2200 3752 2491 3839 Josepho
2514 3773 2645 3817 non
2673 3748 2900 3817 eodem

586 3876 729 3940 loco
773 3873 1018 3960 haberi,
1063 3873 1130 3939 id
1162 3873 1333 3959 quod
1362 3872 1464 3939 his
1496 3894 1664 3958 quae
1709 3872 2046 3958 adjicimus
2093 3872 2491 3958 argumentis
2537 3870 2896 3937 conficitur:

768 4001 819 4061 l.
868 3999 1074 4061 Tkora
1111 4016 1243 4060 non
1273 3994 1482 4060 minus
1514 4014 1558 4062 a
1588 4014 1826 4078 graeco
1865 4014 2055 4077 quam
2085 4013 2126 4057 a
2166 3991 2512 4060 talmudico
2549 3989 2887 4060 Judaismo

738 4200 753 4240 ¹
819 4199 860 4266 1,
889 4202 934 4253 τ.
973 4198 1036 4252 Τ.
1061 4198 1131 4265 11,
1168 4213 1220 4265 p.
1240 4199 1358 4252 441.

737 4284 762 4324 2
819 4278 919 4336 τὸν
969 4278 1238 4355 Βάλαμον
1282 4326 1294 4338 .
1333 4325 1345 4336 .
1384 4325 1396 4337 .
1434 4326 1445 4337 .
1485 4326 1497 4338 .
1544 4277 1802 4365 μεγάλως
1853 4275 2117 4363 ἐτίμησεν
2173 4276 2512 4360 ἀναγράψας
2566 4276 2731 4333 αὐτοῦ
2792 4272 2889 4347 τὰς

584 4386 866 4459 fraudetur.
