3264 5076
591 1268 851 1349 Dogma
895 1264 978 1331 de
1022 1265 1447 1350 inspiratione
1477 1264 1848 1350 Scripturas
1895 1284 2123 1331 sacrae
2159 1285 2350 1349 quum
2390 1273 2455 1332 et
2497 1287 2613 1352 per
2659 1288 2731 1334 se

422 1390 782 1470 spectatum
843 1392 908 1451 et
972 1392 1286 1468 quatenus
1344 1384 1412 1449 in
1463 1405 1650 1451 usum
1709 1385 1882 1450 vitae
1944 1384 2263 1451 confertur
2320 1386 2587 1453 maximi
2650 1387 2733 1453 sit

425 1504 762 1589 momenti,
814 1511 1038 1571 nostra
1090 1510 1302 1571 aetate
1359 1506 1442 1571 ab
1487 1504 1937 1571 illustrissimis
1984 1504 2137 1570 viris
2181 1509 2437 1580 Beckio,
2494 1511 2733 1584 Bomio,

426 1628 800 1704 Hos‘manno,
846 1630 1140 1689 Kahnise‘o
1181 1624 1501 1692 luculente
1546 1631 1884 1694 tractatum
1933 1630 2059 1707 est,
2107 1624 2226 1693 sed
2268 1623 2491 1690 horum
2524 1626 2733 1693 nullus

425 1741 754 1810 historiam
776 1743 962 1828 hujus
994 1743 1315 1829 dogmatis
1345 1743 1495 1810 inde
1523 1747 1607 1810 ab
1640 1745 1954 1811 ecclesiae
1989 1743 2355 1829 primordiis
2387 1745 2731 1811 enarravit.

427 1861 613 1940 Quod
660 1862 917 1947 quidem
963 1884 1122 1948 opus
1168 1863 1446 1930 antehac
1487 1869 1861 1943 Sonntaqius
1884 1864 1931 1941 ¹,
1978 1868 2430 1941 Rudelbachius
2447 1865 2499 1941 ²,
2579 1870 2731 1930 Tho·

425 1986 660 2046 luckius
683 1983 708 2024 3
761 1985 1059 2066 aggressi
1115 1990 1285 2071 sunt3
1342 1981 1460 2050 sed
1518 2003 1632 2050 eos
1689 1984 1783 2049 rei
1838 1982 2048 2050 denuo
2110 1983 2475 2050 tentandae
2525 1984 2730 2050 officio

420 2109 714 2186 posteros
758 2125 888 2195 non
934 2104 1206 2169 solvisse
1251 2123 1438 2169 nemo
1482 2104 1589 2185 qui
1632 2105 1874 2188 scripta
1918 2103 2000 2168 ab
2044 2104 2121 2169 iis
2166 2103 2397 2186 legerit
2440 2103 2734 2170 infitiabi-

419 2226 535 2286 tur.
603 2224 829 2307 Itaque
862 2222 942 2289 de
970 2223 1094 2290 hac
1132 2223 1403 2289 materia
1449 2224 1531 2288 ab
1575 2222 1826 2306 integro
1864 2221 2193 2308 disputare
2239 2228 2303 2288 et
2344 2222 2516 2288 intra
2542 2221 2731 2308 hujus

422 2341 625 2408 libelli
671 2342 832 2408 fines
878 2350 1048 2410 certe
1092 2342 1274 2408 initia
1315 2343 1486 2409 illius
1533 2341 1856 2427 dogmatis
1902 2341 2267 2408 describere
2313 2343 2628 2419 constitui.

593 2462 973 2546 Priusquam
1027 2469 1240 2528 autem
1295 2462 1381 2528 ad
1432 2469 1654 2548 patres
1719 2462 2035 2528 ccclesiae
2099 2446 2493 2549 accedimus,
2550 2463 2732 2530 brevi

422 2602 816 2668 exponemus
851 2581 1004 2667 quid
1032 2582 1266 2651 Judaei
1312 2590 1599 2668 tempore
1644 2583 1900 2667 priscae
1946 2583 2262 2650 ecclesiae
2295 2590 2487 2666 atque
2533 2584 2727 2649 etiam

425 2703 738 2769 Dominus
791 2710 1014 2769 noster
1067 2710 1132 2769 et
1186 2704 1461 2789 apostoli
1528 2702 1608 2769 de
1663 2703 1963 2769 librorum
2018 2704 2270 2770 Veteris
2326 2703 2731 2770 Testamenti

424 2822 842 2909 inspiratione
888 2824 1243 2889 statuerint.

599 2941 661 3007 Ι.
707 2943 1185 3009 Praefationem
1227 2942 1433 3026 illam,
1482 2963 1672 3025 quam
1702 2939 1995 3008 Siracida
2036 2941 2197 3007 libro
2243 2943 2603 3027 sapientiae
2649 2945 2732 3009 ab

427 3082 549 3126 avo
598 3063 952 3148 conscripto
995 3062 1357 3147 praemisit,
1401 3068 1499 3127 ter
1542 3061 1757 3146 legem
1805 3067 1874 3126 et
1899 3060 2249 3146 prophetas
2295 3068 2360 3128 et
2405 3068 2731 3130 auctorum

423 3180 772 3265 prophetas
817 3181 1288 3265 insequentium
1332 3180 1549 3266 libros,
1592 3201 1753 3264 quos
1799 3177 1880 3245 τὰ
1909 3174 2077 3244 ἄλλα
2104 3177 2347 3264 πάτρια
2380 3183 2596 3262 βιβλία
2626 3184 2734 3248 vel

426 3296 508 3365 τὰ
562 3297 761 3365 λοιπὰ
813 3304 952 3367 τῶν
1003 3302 1277 3381 βιβλίων
1333 3301 1661 3384 nominat,
1722 3298 2120 3384 distinguere
2180 3307 2448 3368 constat.
2536 3302 2731 3368 Novit

423 3418 614 3503 igitur
658 3420 955 3486 Siracida
996 3440 1306 3486 canonem
1351 3420 1739 3505 tripartitum
1785 3425 1976 3502 atque
2022 3438 2225 3505 nepos
2271 3441 2457 3487 avum
2504 3419 2730 3485 harum

427 3539 611 3605 trium
667 3536 939 3626 partium
996 3540 1322 3605 literarum
1377 3540 1732 3625 patriarum
1793 3537 2001 3604 studio
2057 3558 2129 3603 se
2187 3536 2451 3605 dedisse
2506 3538 2731 3608 dicens

427 3655 712 3738 testatur,
744 3680 914 3726 anno
943 3660 1079 3727 fere
1119 3645 1557 3727 ducentesimo
1604 3680 1663 3724 a.
1694 3656 1839 3725 Chr.
1873 3679 1933 3722 n.
1969 3678 2047 3724 ac
2075 3657 2343 3742 proinde
2377 3665 2526 3724 ante
2555 3659 2732 3726 bella

425 3801 764 3810 -oou-n-m---o--o-u
766 3801 833 3809 .....

565 3884 582 3922 ¹
646 3871 911 3936 Doctrina
952 3881 1320 3951 inspirationis
1367 3881 1590 3949 ejusque
1645 3879 1812 3946 ratio,
1866 3878 2093 3933 historia
2146 3885 2201 3933 et
2252 3895 2378 3934 usus
2433 3880 2730 3950 popularis,

420 3966 820 4035 Heidelbergae
858 3969 1006 4022 1810.

560 4057 583 4094 2
638 4056 740 4107 Die
776 4055 943 4107 Lehre
985 4073 1081 4107 von
1124 4057 1218 4108 der
1252 4054 1579 4123 Inspiration
1621 4055 1715 4106 der
1755 4053 1972 4121 heiliyen
2014 4051 2231 4120 Schraft.
2297 4053 2606 4122 Zeu-schrift
2622 4055 2734 4123 fiir

421 4143 509 4195 die
541 4128 1156 4209 yesammte‘lutkerische
1198 4138 1248 4189 T
1246 4141 1467 4209 heoloyie
1499 4142 1609 4191 und
1647 4138 1859 4192 Kirche.
1916 4139 2061 4193 1840.
2111 4138 2154 4204 1,
2191 4155 2245 4207 p.
2269 4141 2486 4191 14-59.

562 4225 589 4267 3
640 4226 744 4278 Die
770 4225 1276 4294 Impz‘rationslehre.
1313 4224 1569 4277 Deutsche
1588 4223 2010 4291 Zeitschrifefitr
2037 4226 2329 4279 christliche
2363 4226 2739 4294 Wissenschqft

422 4313 536 4368 und
561 4311 883 4365 christliches
906 4311 1096 4365 Leben.
1148 4311 1295 4366 1850.
1344 4313 1400 4363 et
1423 4327 1466 4365 s.
1490 4328 1535 4364 v.
1555 4310 1882 4378 Inspiration
1906 4309 1961 4362 in
1988 4310 2054 4364 H
2053 4328 2196 4363 erzo
2204 4312 2275 4380 ρι’
2281 4312 2304 4365 i
2328 4311 2735 4381 Real·Encyclo·

416 4399 598 4470 pudic.
650 4394 711 4448 T.
738 4395 782 4461 Ι,
821 4410 872 4467 p.
897 4396 997 4448 692
1021 4410 1137 4466 sqq.

2288 4497 2319 4554 1
