<?xml version="1.0" encoding="UTF-8"?>
<!DOCTYPE html PUBLIC "-//W3C//DTD XHTML 1.0 Transitional//EN"
    "http://www.w3.org/TR/xhtml1/DTD/xhtml1-transitional.dtd">
<html xmlns="http://www.w3.org/1999/xhtml" xml:lang="en" lang="en">
 <head>
  <title>
</title>
<meta http-equiv="Content-Type" content="text/html;charset=utf-8" />
  <meta name='ocr-system' content='tesseract 3.04.00' />
  <meta name='ocr-capabilities' content='ocr_page ocr_carea ocr_par ocr_line ocrx_word'/>
</head>
<body>
  <div class='ocr_page' id='page_1' title='image "./deinspirationes00deligoog_0025.png"; bbox 0 0 3264 5076; ppageno 0'>
   <div class='ocr_carea' id='block_1_1' title="bbox 30 686 37 877">
    <p class='ocr_par' dir='ltr' id='par_1_1' title="bbox 30 686 37 877">
     <span class='ocr_line' id='line_1_1' title="bbox 30 686 37 877; baseline 0 4199"><span class='ocrx_word' id='word_1_1' title='bbox 30 686 37 877; x_wconf 95' lang='lat' dir='ltr'><strong> </strong></span> 
     </span>
    </p>
   </div>
   <div class='ocr_carea' id='block_1_2' title="bbox 1464 428 1543 500">
    <p class='ocr_par' dir='ltr' id='par_1_2' title="bbox 1464 428 1543 500">
     <span class='ocr_line' id='line_1_2' title="bbox 1464 428 1543 500; baseline 0.013 -1"><span class='ocrx_word' id='word_1_2' title='bbox 1464 428 1543 500; x_wconf 81' lang='lat'><strong>13</strong></span> 
     </span>
    </p>
   </div>
   <div class='ocr_carea' id='block_1_3' title="bbox 1350 519 1660 532">
    <p class='ocr_par' dir='ltr' id='par_1_3' title="bbox 1350 519 1660 532">
     <span class='ocr_line' id='line_1_3' title="bbox 1350 519 1660 532; baseline 0 4544"><span class='ocrx_word' id='word_1_3' title='bbox 1350 519 1660 532; x_wconf 95' lang='lat' dir='ltr'><strong> </strong></span> 
     </span>
    </p>
   </div>
   <div class='ocr_carea' id='block_1_4' title="bbox 318 649 2645 2891">
    <p class='ocr_par' dir='ltr' id='par_1_4' title="bbox 318 649 2645 2891">
     <span class='ocr_line' id='line_1_4' title="bbox 329 649 2643 740; baseline -0.003 -19"><span class='ocrx_word' id='word_1_4' title='bbox 329 659 559 721; x_wconf 85' lang='lat' dir='ltr'><strong>exacte</strong></span> <span class='ocrx_word' id='word_1_5' title='bbox 604 654 849 740; x_wconf 88' lang='lat' dir='ltr'><strong>sciens,</strong></span> <span class='ocrx_word' id='word_1_6' title='bbox 895 651 1047 738; x_wconf 87' lang='lat' dir='ltr'><strong>quid</strong></span> <span class='ocrx_word' id='word_1_7' title='bbox 1090 651 1427 723; x_wconf 88' lang='lat' dir='ltr'><strong>dicendum</strong></span> <span class='ocrx_word' id='word_1_8' title='bbox 1461 660 1657 738; x_wconf 89' lang='lat' dir='ltr'><strong>esset,</strong></span> <span class='ocrx_word' id='word_1_9' title='bbox 1704 653 1919 739; x_wconf 88' lang='lat' dir='ltr'><strong>reperi</strong></span> <span class='ocrx_word' id='word_1_10' title='bbox 1949 657 2230 717; x_wconf 79' lang='lat' dir='ltr'><strong>mentem</strong></span> <span class='ocrx_word' id='word_1_11' title='bbox 2272 650 2446 716; x_wconf 91' lang='lat' dir='ltr'><strong>nolle</strong></span> <span class='ocrx_word' id='word_1_12' title='bbox 2474 649 2643 732; x_wconf 85' lang='lat' dir='ltr'><strong>quic-</strong></span> 
     </span>
     <span class='ocr_line' id='line_1_5' title="bbox 329 770 2645 859; baseline -0.003 -20"><span class='ocrx_word' id='word_1_13' title='bbox 329 795 522 859; x_wconf 89' lang='lat' dir='ltr'>quam</span> <span class='ocrx_word' id='word_1_14' title='bbox 553 793 806 859; x_wconf 88' lang='lat' dir='ltr'><strong>parere,</strong></span> <span class='ocrx_word' id='word_1_15' title='bbox 853 780 1045 858; x_wconf 87' lang='lat' dir='ltr'><strong>atque</strong></span> <span class='ocrx_word' id='word_1_16' title='bbox 1091 774 1182 837; x_wconf 89' lang='lat' dir='ltr'><strong>ita</strong></span> <span class='ocrx_word' id='word_1_17' title='bbox 1207 771 1450 837; x_wconf 80' lang='lat' dir='ltr'>recessi</span> <span class='ocrx_word' id='word_1_18' title='bbox 1494 792 1564 838; x_wconf 92' lang='lat' dir='ltr'><strong>re</strong></span> <span class='ocrx_word' id='word_1_19' title='bbox 1604 772 1861 858; x_wconf 82' lang='lat' dir='ltr'><strong>inseeta,</strong></span> <span class='ocrx_word' id='word_1_20' title='bbox 1897 771 2219 836; x_wconf 64' lang='lat' dir='ltr'><strong>&#39;damnata</strong></span> <span class='ocrx_word' id='word_1_21' title='bbox 2249 771 2388 854; x_wconf 88' lang='lat' dir='ltr'><strong>ejus</strong></span> <span class='ocrx_word' id='word_1_22' title='bbox 2425 770 2645 854; x_wconf 85' lang='lat' dir='ltr'><strong>opina-</strong></span> 
     </span>
     <span class='ocr_line' id='line_1_6' title="bbox 326 884 2640 979; baseline -0.003 -19"><span class='ocrx_word' id='word_1_23' title='bbox 326 895 523 979; x_wconf 81' lang='lat' dir='ltr'><strong>tione,</strong></span> <span class='ocrx_word' id='word_1_24' title='bbox 568 892 921 958; x_wconf 80' lang='lat' dir='ltr'><strong>admiratus</strong></span> <span class='ocrx_word' id='word_1_25' title='bbox 965 911 1122 958; x_wconf 85' lang='lat' dir='ltr'><strong>vero</strong></span> <span class='ocrx_word' id='word_1_26' title='bbox 1165 891 1522 978; x_wconf 88' lang='lat' dir='ltr'><strong>potentiam</strong></span> <span class='ocrx_word' id='word_1_27' title='bbox 1567 893 1728 977; x_wconf 84' lang='lat' dir='ltr'><strong>Ejus</strong></span> <span class='ocrx_word' id='word_1_28' title='bbox 1772 892 1876 976; x_wconf 89' lang='lat' dir='ltr'><strong>qui</strong></span> <span class='ocrx_word' id='word_1_29' title='bbox 1925 896 2044 974; x_wconf 86' lang='lat' dir='ltr'><strong>est,</strong></span> <span class='ocrx_word' id='word_1_30' title='bbox 2094 884 2441 974; x_wconf 83' lang='lat' dir='ltr'><strong>aperientis</strong></span> <span class='ocrx_word' id='word_1_31' title='bbox 2469 890 2640 954; x_wconf 86' lang='lat' dir='ltr'><strong>clau-</strong></span> 
     </span>
     <span class='ocr_line' id='line_1_7' title="bbox 326 1006 2639 1096; baseline -0.003 -16"><span class='ocrx_word' id='word_1_32' title='bbox 326 1013 665 1096; x_wconf 88' lang='lat' dir='ltr'><strong>dentisque</strong></span> <span class='ocrx_word' id='word_1_33' title='bbox 720 1011 976 1078; x_wconf 88' lang='lat' dir='ltr'><strong>animae</strong></span> <span class='ocrx_word' id='word_1_34' title='bbox 1021 1016 1287 1078; x_wconf 87' lang='lat' dir='ltr'><strong>uterum.</strong></span> <span class='ocrx_word' id='word_1_35' title='bbox 1373 1009 1701 1078; x_wconf 81' lang='lat' dir='ltr'><strong>Interdum</strong></span> <span class='ocrx_word' id='word_1_36' title='bbox 1759 1016 1970 1076; x_wconf 90' lang='lat' dir='ltr'><strong>autem</strong></span> <span class='ocrx_word' id='word_1_37' title='bbox 2016 1029 2258 1075; x_wconf 86' lang='lat' dir='ltr'><strong>vacuus</strong></span> <span class='ocrx_word' id='word_1_38' title='bbox 2318 1006 2639 1074; x_wconf 86' lang='lat' dir='ltr'><strong>accedens</strong></span> 
     </span>
     <span class='ocr_line' id='line_1_8' title="bbox 325 1130 2630 1218; baseline -0.002 -21"><span class='ocrx_word' id='word_1_39' title='bbox 325 1134 557 1218; x_wconf 85' lang='lat' dir='ltr'><strong>plenus</strong></span> <span class='ocrx_word' id='word_1_40' title='bbox 623 1135 919 1216; x_wconf 56' lang='lat' dir='ltr'><strong>repentex</strong></span> <span class='ocrx_word' id='word_1_41' title='bbox 951 1130 1158 1196; x_wconf 84' lang='lat' dir='ltr'><strong>factus</strong></span> <span class='ocrx_word' id='word_1_42' title='bbox 1220 1150 1392 1214; x_wconf 88' lang='lat' dir='ltr'><strong>sum,</strong></span> <span class='ocrx_word' id='word_1_43' title='bbox 1462 1131 1627 1197; x_wconf 77' lang='lat' dir='ltr'><strong>nivis</strong></span> <span class='ocrx_word' id='word_1_44' title='bbox 1695 1130 2044 1213; x_wconf 82' lang='lat' dir='ltr'><strong>imbrisque</strong></span> <span class='ocrx_word' id='word_1_45' title='bbox 2109 1147 2287 1193; x_wconf 89' lang='lat' dir='ltr'><strong>more</strong></span> <span class='ocrx_word' id='word_1_46' title='bbox 2352 1146 2630 1212; x_wconf 79' lang='lat' dir='ltr'><strong>superne</strong></span> 
     </span>
     <span class='ocr_line' id='line_1_9' title="bbox 322 1249 2634 1334; baseline -0.002 -17"><span class='ocrx_word' id='word_1_47' title='bbox 322 1250 754 1318; x_wconf 82' lang='lat' dir='ltr'><strong>incidentibus</strong></span> <span class='ocrx_word' id='word_1_48' title='bbox 808 1249 1333 1334; x_wconf 77' lang='lat' dir='ltr'><strong>cogitationibus,</strong></span> <span class='ocrx_word' id='word_1_49' title='bbox 1399 1255 1469 1315; x_wconf 92' lang='lat' dir='ltr'><strong>ut</strong></span> <span class='ocrx_word' id='word_1_50' title='bbox 1530 1251 1718 1332; x_wconf 89' lang='lat' dir='ltr'><strong>quasi</strong></span> <span class='ocrx_word' id='word_1_51' title='bbox 1789 1249 2047 1315; x_wconf 90' lang='lat' dir='ltr'><strong>numine</strong></span> <span class='ocrx_word' id='word_1_52' title='bbox 2130 1255 2455 1333; x_wconf 85' lang='lat' dir='ltr'><strong>correptus</strong></span> <span class='ocrx_word' id='word_1_53' title='bbox 2512 1268 2634 1313; x_wconf 90' lang='lat' dir='ltr'><strong>nec</strong></span> 
     </span>
     <span class='ocr_line' id='line_1_10' title="bbox 322 1368 2633 1455; baseline -0.001 -19"><span class='ocrx_word' id='word_1_54' title='bbox 322 1373 531 1438; x_wconf 88' lang='lat' dir='ltr'><strong>locum</strong></span> <span class='ocrx_word' id='word_1_55' title='bbox 589 1389 1012 1455; x_wconf 74' lang='lat' dir='ltr'><strong>agnoscerem</strong></span> <span class='ocrx_word' id='word_1_56' title='bbox 1058 1388 1178 1435; x_wconf 89' lang='lat' dir='ltr'><strong>nec</strong></span> <span class='ocrx_word' id='word_1_57' title='bbox 1234 1375 1617 1454; x_wconf 87' lang='lat' dir='ltr'><strong>praesentes</strong></span> <span class='ocrx_word' id='word_1_58' title='bbox 1685 1389 1806 1436; x_wconf 90' lang='lat' dir='ltr'><strong>nec</strong></span> <span class='ocrx_word' id='word_1_59' title='bbox 1863 1389 1967 1435; x_wconf 89' lang='lat' dir='ltr'><strong>me</strong></span> <span class='ocrx_word' id='word_1_60' title='bbox 2018 1368 2228 1453; x_wconf 87' lang='lat' dir='ltr'><strong>ipsum</strong></span> <span class='ocrx_word' id='word_1_61' title='bbox 2281 1387 2402 1433; x_wconf 89' lang='lat' dir='ltr'><strong>nec</strong></span> <span class='ocrx_word' id='word_1_62' title='bbox 2465 1387 2633 1449; x_wconf 87' lang='lat' dir='ltr'><strong>quae</strong></span> 
     </span>
     <span class='ocr_line' id='line_1_11' title="bbox 325 1486 2635 1573; baseline -0.003 -18"><span class='ocrx_word' id='word_1_63' title='bbox 325 1490 729 1556; x_wconf 87' lang='lat' dir='ltr'><strong>disserebam</strong></span> <span class='ocrx_word' id='word_1_64' title='bbox 759 1489 863 1557; x_wconf 83' lang='lat' dir='ltr'><strong>vel</strong></span> <span class='ocrx_word' id='word_1_65' title='bbox 896 1488 1280 1555; x_wconf 89' lang='lat' dir='ltr'><strong>scribebam.</strong></span> <span class='ocrx_word' id='word_1_66' title='bbox 1355 1489 1545 1555; x_wconf 87' lang='lat' dir='ltr'><strong>Sensi</strong></span> <span class='ocrx_word' id='word_1_67' title='bbox 1564 1488 1748 1555; x_wconf 74' lang='lat' dir='ltr'><strong>,enim</strong></span> <span class='ocrx_word' id='word_1_68' title='bbox 1780 1487 2332 1573; x_wconf 87' lang='lat' dir='ltr'><strong>interpretationis</strong></span> <span class='ocrx_word' id='word_1_69' title='bbox 2362 1486 2635 1572; x_wconf 86' lang='lat' dir='ltr'><strong>copiam,</strong></span> 
     </span>
     <span class='ocr_line' id='line_1_12' title="bbox 321 1606 2629 1693; baseline -0.003 -17"><span class='ocrx_word' id='word_1_70' title='bbox 321 1610 483 1677; x_wconf 85' lang='lat' dir='ltr'><strong>lueis</strong></span> <span class='ocrx_word' id='word_1_71' title='bbox 509 1630 723 1693; x_wconf 89' lang='lat' dir='ltr'><strong>usum,</strong></span> <span class='ocrx_word' id='word_1_72' title='bbox 759 1608 968 1675; x_wconf 85' lang='lat' dir='ltr'><strong>visum</strong></span> <span class='ocrx_word' id='word_1_73' title='bbox 1006 1608 1468 1691; x_wconf 89' lang='lat' dir='ltr'><strong>acutissimum,</strong></span> <span class='ocrx_word' id='word_1_74' title='bbox 1527 1607 1921 1675; x_wconf 86' lang='lat' dir='ltr'><strong>evidentiam</strong></span> <span class='ocrx_word' id='word_1_75' title='bbox 1953 1628 2160 1674; x_wconf 89' lang='lat' dir='ltr'><strong>rerum</strong></span> <span class='ocrx_word' id='word_1_76' title='bbox 2197 1606 2629 1690; x_wconf 88' lang='lat' dir='ltr'><strong>manifestam,</strong></span> 
     </span>
     <span class='ocr_line' id='line_1_13' title="bbox 324 1723 2635 1814; baseline -0.003 -19"><span class='ocrx_word' id='word_1_77' title='bbox 324 1728 532 1814; x_wconf 87' lang='lat' dir='ltr'><strong>qualis</strong></span> <span class='ocrx_word' id='word_1_78' title='bbox 584 1728 785 1794; x_wconf 91' lang='lat' dir='ltr'><strong>oculis</strong></span> <span class='ocrx_word' id='word_1_79' title='bbox 842 1747 878 1793; x_wconf 92' lang='lat' dir='ltr'><strong>e</strong></span> <span class='ocrx_word' id='word_1_80' title='bbox 925 1728 1102 1794; x_wconf 87' lang='lat' dir='ltr'><strong>clara</strong></span> <span class='ocrx_word' id='word_1_81' title='bbox 1146 1726 1697 1794; x_wconf 87' lang='lat' dir='ltr'><strong>demonstratione</strong></span> <span class='ocrx_word' id='word_1_82' title='bbox 1762 1727 2152 1814; x_wconf 86' lang='lat' dir='ltr'><strong>percipitur.¹</strong></span> <span class='ocrx_word' id='word_1_83' title='bbox 2262 1725 2337 1809; x_wconf 86' lang='lat' dir='ltr'><strong>d)</strong></span> <span class='ocrx_word' id='word_1_84' title='bbox 2385 1723 2635 1791; x_wconf 88' lang='lat' dir='ltr'><strong>Eadem</strong></span> 
     </span>
     <span class='ocr_line' id='line_1_14' title="bbox 327 1845 2636 1934; baseline -0.002 -19"><span class='ocrx_word' id='word_1_85' title='bbox 327 1849 650 1916; x_wconf 89' lang='lat' dir='ltr'><strong>sententia</strong></span> <span class='ocrx_word' id='word_1_86' title='bbox 681 1848 887 1914; x_wconf 79' lang='lat' dir='ltr'><strong>elucet</strong></span> <span class='ocrx_word' id='word_1_87' title='bbox 919 1866 956 1914; x_wconf 88' lang='lat' dir='ltr'><strong>e</strong></span> <span class='ocrx_word' id='word_1_88' title='bbox 988 1847 1360 1934; x_wconf 76' lang='lat' dir='ltr'><strong>narratione</strong></span> <span class='ocrx_word' id='word_1_89' title='bbox 1405 1847 1519 1911; x_wconf 85' lang='lat' dir='ltr'><strong>ina</strong></span> <span class='ocrx_word' id='word_1_90' title='bbox 1551 1867 1592 1911; x_wconf 94' lang='lat' dir='ltr'><strong>a</strong></span> <span class='ocrx_word' id='word_1_91' title='bbox 1621 1846 1894 1914; x_wconf 84' lang='lat' dir='ltr'><strong>Judaeis</strong></span> <span class='ocrx_word' id='word_1_92' title='bbox 1923 1845 2342 1913; x_wconf 85' lang='lat' dir='ltr'><strong>hellenisticis</strong></span> <span class='ocrx_word' id='word_1_93' title='bbox 2374 1845 2636 1929; x_wconf 83' lang='lat' dir='ltr'><strong>linguae</strong></span> 
     </span>
     <span class='ocr_line' id='line_1_15' title="bbox 318 1964 2629 2052; baseline -0 -20"><span class='ocrx_word' id='word_1_94' title='bbox 318 1968 663 2036; x_wconf 85' lang='lat' dir='ltr'><strong>hebraicae</strong></span> <span class='ocrx_word' id='word_1_95' title='bbox 694 1967 1008 2052; x_wconf 88' lang='lat' dir='ltr'><strong>imperitis</strong></span> <span class='ocrx_word' id='word_1_96' title='bbox 1041 1967 1413 2050; x_wconf 82' lang='lat' dir='ltr'><strong>excogitata</strong></span> <span class='ocrx_word' id='word_1_97' title='bbox 1456 1965 1538 2034; x_wconf 88' lang='lat' dir='ltr'><strong>de</strong></span> <span class='ocrx_word' id='word_1_98' title='bbox 1581 1967 1838 2052; x_wconf 73' lang='lat' dir='ltr'><strong>origine⁴</strong></span> <span class='ocrx_word' id='word_1_99' title='bbox 1858 1964 2337 2032; x_wconf 84' lang='lat' dir='ltr'><strong>Alexandrinae</strong></span> <span class='ocrx_word' id='word_1_100' title='bbox 2374 1965 2629 2033; x_wconf 86' lang='lat' dir='ltr'><strong>Veteris</strong></span> 
     </span>
     <span class='ocr_line' id='line_1_16' title="bbox 325 2084 2620 2173; baseline -0 -21"><span class='ocrx_word' id='word_1_101' title='bbox 325 2087 729 2155; x_wconf 87' lang='lat' dir='ltr'><strong>Testamenti</strong></span> <span class='ocrx_word' id='word_1_102' title='bbox 773 2088 912 2154; x_wconf 87' lang='lat' dir='ltr'><strong>sive</strong></span> <span class='ocrx_word' id='word_1_103' title='bbox 957 2088 1170 2173; x_wconf 90' lang='lat' dir='ltr'><strong>potius</strong></span> <span class='ocrx_word' id='word_1_104' title='bbox 1202 2086 1623 2155; x_wconf 89' lang='lat' dir='ltr'><strong>Pentateuchi</strong></span> <span class='ocrx_word' id='word_1_105' title='bbox 1664 2087 2013 2169; x_wconf 82' lang='lat' dir='ltr'><strong>versionis3</strong></span> <span class='ocrx_word' id='word_1_106' title='bbox 2053 2105 2205 2150; x_wconf 88' lang='lat' dir='ltr'><strong>nam</strong></span> <span class='ocrx_word' id='word_1_107' title='bbox 2238 2091 2370 2150; x_wconf 89' lang='lat' dir='ltr'><strong>tum</strong></span> <span class='ocrx_word' id='word_1_108' title='bbox 2400 2084 2620 2151; x_wconf 78' lang='lat' dir='ltr'><strong>Phi102</strong></span> 
     </span>
     <span class='ocr_line' id='line_1_17' title="bbox 325 2204 2629 2293; baseline -0.001 -21"><span class='ocrx_word' id='word_1_109' title='bbox 325 2213 456 2272; x_wconf 89' lang='lat' dir='ltr'><strong>tum</strong></span> <span class='ocrx_word' id='word_1_110' title='bbox 497 2208 539 2274; x_wconf 85' lang='lat' dir='ltr'><strong>J</strong></span> <span class='ocrx_word' id='word_1_111' title='bbox 542 2205 860 2292; x_wconf 77' lang='lat' dir='ltr'><strong>osephus³</strong></span> <span class='ocrx_word' id='word_1_112' title='bbox 912 2205 1124 2290; x_wconf 87' lang='lat' dir='ltr'><strong>tradit,</strong></span> <span class='ocrx_word' id='word_1_113' title='bbox 1167 2207 1575 2293; x_wconf 87' lang='lat' dir='ltr'><strong>interpretes,</strong></span> <span class='ocrx_word' id='word_1_114' title='bbox 1623 2207 1862 2291; x_wconf 88' lang='lat' dir='ltr'><strong>quippe</strong></span> <span class='ocrx_word' id='word_1_115' title='bbox 1907 2205 2012 2288; x_wconf 92' lang='lat' dir='ltr'><strong>qui</strong></span> <span class='ocrx_word' id='word_1_116' title='bbox 2056 2204 2350 2290; x_wconf 87' lang='lat' dir='ltr'><strong>inspirati</strong></span> <span class='ocrx_word' id='word_1_117' title='bbox 2395 2204 2629 2270; x_wconf 84' lang='lat' dir='ltr'><strong>fuerint</strong></span> 
     </span>
     <span class='ocr_line' id='line_1_18' title="bbox 327 2322 2628 2412; baseline -0 -20"><span class='ocrx_word' id='word_1_118' title='bbox 327 2325 834 2404; x_wconf 75' lang='grc' dir='ltr'><strong><em>(ἐνθουσιῶντες</em></strong></span> <span class='ocrx_word' id='word_1_119' title='bbox 859 2322 1389 2412; x_wconf 77' lang='grc' dir='ltr'><strong><em>προεφήτευου),4</em></strong></span> <span class='ocrx_word' id='word_1_120' title='bbox 1442 2327 1831 2393; x_wconf 85' lang='lat' dir='ltr'><strong>verbotenus</strong></span> <span class='ocrx_word' id='word_1_121' title='bbox 1862 2324 2298 2407; x_wconf 82' lang='lat' dir='ltr'><strong>consensisse3</strong></span> <span class='ocrx_word' id='word_1_122' title='bbox 2347 2323 2512 2390; x_wconf 90' lang='lat' dir='ltr'><strong>alter</strong></span> <span class='ocrx_word' id='word_1_123' title='bbox 2545 2325 2628 2391; x_wconf 90' lang='lat' dir='ltr'><strong>ab</strong></span> 
     </span>
     <span class='ocr_line' id='line_1_19' title="bbox 326 2442 2633 2532; baseline -0.001 -22"><span class='ocrx_word' id='word_1_124' title='bbox 326 2446 527 2511; x_wconf 91' lang='lat' dir='ltr'><strong>altero</strong></span> <span class='ocrx_word' id='word_1_125' title='bbox 574 2465 652 2511; x_wconf 89' lang='lat' dir='ltr'><strong>eo</strong></span> <span class='ocrx_word' id='word_1_126' title='bbox 697 2451 947 2510; x_wconf 91' lang='lat' dir='ltr'><strong>tantum</strong></span> <span class='ocrx_word' id='word_1_127' title='bbox 993 2444 1351 2532; x_wconf 87' lang='lat' dir='ltr'><strong>discrepat,</strong></span> <span class='ocrx_word' id='word_1_128' title='bbox 1405 2444 1576 2529; x_wconf 90' lang='lat' dir='ltr'><strong>quod</strong></span> <span class='ocrx_word' id='word_1_129' title='bbox 1619 2443 1949 2530; x_wconf 88' lang='lat' dir='ltr'><strong>Josephus</strong></span> <span class='ocrx_word' id='word_1_130' title='bbox 1993 2444 2139 2528; x_wconf 85' lang='lat' dir='ltr'><strong>plus</strong></span> <span class='ocrx_word' id='word_1_131' title='bbox 2183 2442 2311 2518; x_wconf 83' lang='lat' dir='ltr'><strong>ficti</strong></span> <span class='ocrx_word' id='word_1_132' title='bbox 2359 2449 2423 2509; x_wconf 88' lang='lat' dir='ltr'><strong>et</strong></span> <span class='ocrx_word' id='word_1_133' title='bbox 2468 2463 2633 2510; x_wconf 86' lang='lat' dir='ltr'><strong>com·</strong></span> 
     </span>
     <span class='ocr_line' id='line_1_20' title="bbox 321 2562 2635 2648; baseline -0.002 -16"><span class='ocrx_word' id='word_1_134' title='bbox 321 2566 596 2632; x_wconf 89' lang='lat' dir='ltr'><strong>mentitii</strong></span> <span class='ocrx_word' id='word_1_135' title='bbox 638 2564 895 2631; x_wconf 89' lang='lat' dir='ltr'><strong>fabulae</strong></span> <span class='ocrx_word' id='word_1_136' title='bbox 950 2564 1132 2632; x_wconf 89' lang='lat' dir='ltr'><strong>addit</strong></span> <span class='ocrx_word' id='word_1_137' title='bbox 1189 2585 1381 2648; x_wconf 92' lang='lat' dir='ltr'><strong>quam</strong></span> <span class='ocrx_word' id='word_1_138' title='bbox 1438 2564 1644 2632; x_wconf 93' lang='lat' dir='ltr'><strong>Philo.</strong></span> <span class='ocrx_word' id='word_1_139' title='bbox 1743 2564 1810 2648; x_wconf 88' lang='lat' dir='ltr'><strong>e)</strong></span> <span class='ocrx_word' id='word_1_140' title='bbox 1867 2564 2160 2648; x_wconf 85' lang='lat' dir='ltr'><strong>Denique</strong></span> <span class='ocrx_word' id='word_1_141' title='bbox 2212 2564 2498 2642; x_wconf 91' lang='lat' dir='ltr'><strong>omnino,</strong></span> <span class='ocrx_word' id='word_1_142' title='bbox 2563 2562 2635 2628; x_wconf 92' lang='lat' dir='ltr'><strong>id</strong></span> 
     </span>
     <span class='ocr_line' id='line_1_21' title="bbox 321 2683 2624 2772; baseline 0 -22"><span class='ocrx_word' id='word_1_143' title='bbox 321 2683 490 2768; x_wconf 92' lang='lat' dir='ltr'><strong>quod</strong></span> <span class='ocrx_word' id='word_1_144' title='bbox 543 2684 809 2749; x_wconf 86' lang='lat' dir='ltr'><strong>maximi</strong></span> <span class='ocrx_word' id='word_1_145' title='bbox 865 2686 1170 2751; x_wconf 89' lang='lat' dir='ltr'><strong>momenti</strong></span> <span class='ocrx_word' id='word_1_146' title='bbox 1227 2691 1354 2772; x_wconf 91' lang='lat' dir='ltr'><strong>est,</strong></span> <span class='ocrx_word' id='word_1_147' title='bbox 1418 2685 1675 2770; x_wconf 91' lang='lat' dir='ltr'><strong>probari</strong></span> <span class='ocrx_word' id='word_1_148' title='bbox 1730 2685 1976 2767; x_wconf 89' lang='lat' dir='ltr'><strong>nequit,</strong></span> <span class='ocrx_word' id='word_1_149' title='bbox 2039 2684 2169 2749; x_wconf 90' lang='lat' dir='ltr'><strong>illis</strong></span> <span class='ocrx_word' id='word_1_150' title='bbox 2229 2683 2624 2769; x_wconf 89' lang='lat' dir='ltr'><strong>temporibus</strong></span> 
     </span>
     <span class='ocr_line' id='line_1_22' title="bbox 318 2797 2637 2891; baseline 0 -22"><span class='ocrx_word' id='word_1_151' title='bbox 318 2804 453 2871; x_wconf 88' lang='lat' dir='ltr'><strong>sive</strong></span> <span class='ocrx_word' id='word_1_152' title='bbox 502 2804 790 2870; x_wconf 88' lang='lat' dir='ltr'><strong>Judaeos</strong></span> <span class='ocrx_word' id='word_1_153' title='bbox 856 2804 994 2871; x_wconf 88' lang='lat' dir='ltr'><strong>sive</strong></span> <span class='ocrx_word' id='word_1_154' title='bbox 1059 2811 1282 2891; x_wconf 87' lang='lat' dir='ltr'><strong>patres</strong></span> <span class='ocrx_word' id='word_1_155' title='bbox 1347 2805 1666 2872; x_wconf 88' lang='lat' dir='ltr'><strong>ecclesiae</strong></span> <span class='ocrx_word' id='word_1_156' title='bbox 1729 2803 1962 2870; x_wconf 88' lang='lat' dir='ltr'><strong>acriter</strong></span> <span class='ocrx_word' id='word_1_157' title='bbox 2036 2797 2413 2871; x_wconf 83' lang='lat' dir='ltr'><strong>distinxisse</strong></span> <span class='ocrx_word' id='word_1_158' title='bbox 2471 2803 2637 2870; x_wconf 90' lang='lat' dir='ltr'><strong>inter</strong></span> 
     </span>
    </p>
   </div>
   <div class='ocr_carea' id='block_1_5' title="bbox 334 2978 741 2988">
    <p class='ocr_par' dir='ltr' id='par_1_5' title="bbox 334 2978 741 2988">
     <span class='ocr_line' id='line_1_23' title="bbox 334 2978 741 2988; baseline 0 2088"><span class='ocrx_word' id='word_1_159' title='bbox 334 2978 741 2988; x_wconf 95' lang='lat' dir='ltr'><strong> </strong></span> 
     </span>
    </p>
   </div>
   <div class='ocr_carea' id='block_1_6' title="bbox 315 3088 2638 4188">
    <p class='ocr_par' dir='ltr' id='par_1_6' title="bbox 315 3088 2638 4188">
     <span class='ocr_line' id='line_1_24' title="bbox 460 3088 2637 3167; baseline -0 -20"><span class='ocrx_word' id='word_1_160' title='bbox 460 3096 477 3136; x_wconf 86' lang='lat'><strong>¹</strong></span> <span class='ocrx_word' id='word_1_161' title='bbox 537 3094 599 3147; x_wconf 91' lang='lat' dir='ltr'><strong>T.</strong></span> <span class='ocrx_word' id='word_1_162' title='bbox 625 3094 668 3161; x_wconf 90' lang='grc' dir='ltr'><strong>Ι,</strong></span> <span class='ocrx_word' id='word_1_163' title='bbox 706 3110 759 3162; x_wconf 89' lang='lat' dir='ltr'><strong>p.</strong></span> <span class='ocrx_word' id='word_1_164' title='bbox 784 3095 913 3147; x_wconf 86' lang='lat'>441:</span> <span class='ocrx_word' id='word_1_165' title='bbox 970 3090 1044 3146; x_wconf 82' lang='grc' dir='ltr'><strong>Τὸ</strong></span> <span class='ocrx_word' id='word_1_166' title='bbox 1079 3088 1316 3167; x_wconf 76' lang='grc' dir='ltr'><strong><em>ἐμαυτοῦ</em></strong></span> <span class='ocrx_word' id='word_1_167' title='bbox 1351 3090 1558 3156; x_wconf 72' lang='grc' dir='ltr'><strong><em>πάθος,</em></strong></span> <span class='ocrx_word' id='word_1_168' title='bbox 1604 3092 1634 3146; x_wconf 76' lang='grc' dir='ltr'>ὃ</span> <span class='ocrx_word' id='word_1_169' title='bbox 1667 3090 1930 3164; x_wconf 79' lang='grc' dir='ltr'><strong><em>μυριάκις</em></strong></span> <span class='ocrx_word' id='word_1_170' title='bbox 1966 3088 2169 3146; x_wconf 78' lang='grc' dir='ltr'><strong><em>παθών</em></strong></span> <span class='ocrx_word' id='word_1_171' title='bbox 2215 3088 2372 3156; x_wconf 78' lang='grc' dir='ltr'><strong><em>οἶδα,</em></strong></span> <span class='ocrx_word' id='word_1_172' title='bbox 2419 3091 2637 3165; x_wconf 78' lang='grc' dir='ltr'><strong><em>διηγοό·</em></strong></span> 
     </span>
     <span class='ocr_line' id='line_1_25' title="bbox 323 3174 2635 3252; baseline -0 -20"><span class='ocrx_word' id='word_1_173' title='bbox 323 3197 490 3252; x_wconf 87' lang='grc' dir='ltr'><strong><em>μενος</em></strong></span> <span class='ocrx_word' id='word_1_174' title='bbox 537 3177 636 3232; x_wconf 82' lang='grc' dir='ltr'><strong>οὐκ</strong></span> <span class='ocrx_word' id='word_1_175' title='bbox 683 3176 1046 3250; x_wconf 72' lang='grc' dir='ltr'><strong><em>αἰσχύνομαι·</em></strong></span> <span class='ocrx_word' id='word_1_176' title='bbox 1093 3182 1386 3249; x_wconf 79' lang='grc' dir='ltr'><strong><em>βουληθείς</em></strong></span> <span class='ocrx_word' id='word_1_177' title='bbox 1431 3175 1584 3233; x_wconf 80' lang='grc' dir='ltr'><strong><em>ἐστιν</em></strong></span> <span class='ocrx_word' id='word_1_178' title='bbox 1620 3178 1708 3232; x_wconf 83' lang='grc' dir='ltr'><strong>ὅτε</strong></span> <span class='ocrx_word' id='word_1_179' title='bbox 1754 3174 1894 3231; x_wconf 80' lang='grc' dir='ltr'><strong><em>κατὰ</em></strong></span> <span class='ocrx_word' id='word_1_180' title='bbox 1939 3176 2039 3247; x_wconf 76' lang='grc' dir='ltr'><strong>τὴν</strong></span> <span class='ocrx_word' id='word_1_181' title='bbox 2072 3175 2289 3248; x_wconf 77' lang='grc' dir='ltr'>συνήθη</span> <span class='ocrx_word' id='word_1_182' title='bbox 2342 3183 2454 3233; x_wconf 82' lang='grc' dir='ltr'><strong>τῶν</strong></span> <span class='ocrx_word' id='word_1_183' title='bbox 2497 3175 2635 3232; x_wconf 79' lang='grc' dir='ltr'><strong><em>κατὰ</em></strong></span> 
     </span>
     <span class='ocr_line' id='line_1_26' title="bbox 319 3259 2629 3336; baseline 0 -18"><span class='ocrx_word' id='word_1_184' title='bbox 319 3266 668 3335; x_wconf 80' lang='grc' dir='ltr'><strong><em>φιλοσοφίαν</em></strong></span> <span class='ocrx_word' id='word_1_185' title='bbox 694 3260 990 3336; x_wconf 79' lang='grc' dir='ltr'><strong>δογμάτων</strong></span> <span class='ocrx_word' id='word_1_186' title='bbox 1012 3259 1245 3336; x_wconf 79' lang='grc' dir='ltr'><strong><em>γραφὴν</em></strong></span> <span class='ocrx_word' id='word_1_187' title='bbox 1270 3260 1480 3329; x_wconf 78' lang='grc' dir='ltr'><em>ἐλθεῖν,</em></span> <span class='ocrx_word' id='word_1_188' title='bbox 1516 3266 1613 3318; x_wconf 81' lang='grc' dir='ltr'><strong><em>καὶ</em></strong></span> <span class='ocrx_word' id='word_1_189' title='bbox 1652 3263 1687 3317; x_wconf 74' lang='grc' dir='ltr'><em>ἃ</em></span> <span class='ocrx_word' id='word_1_190' title='bbox 1722 3261 1827 3335; x_wconf 78' lang='grc' dir='ltr'><strong>χρὴ</strong></span> <span class='ocrx_word' id='word_1_191' title='bbox 1865 3268 2168 3316; x_wconf 76' lang='grc' dir='ltr'><em>συνθεῖναι</em></span> <span class='ocrx_word' id='word_1_192' title='bbox 2206 3261 2444 3335; x_wconf 71' lang='grc' dir='ltr'><strong><em>ἀκριβῶς</em></strong></span> <span class='ocrx_word' id='word_1_193' title='bbox 2472 3262 2629 3329; x_wconf 79' lang='grc' dir='ltr'><strong><em>ἰδὼν,</em></strong></span> 
     </span>
     <span class='ocr_line' id='line_1_27' title="bbox 318 3344 2631 3423; baseline 0.001 -22"><span class='ocrx_word' id='word_1_194' title='bbox 318 3349 524 3421; x_wconf 77' lang='grc' dir='ltr'><strong>ἄγονον</strong></span> <span class='ocrx_word' id='word_1_195' title='bbox 557 3350 652 3403; x_wconf 83' lang='grc' dir='ltr'><strong><em>καὶ</em></strong></span> <span class='ocrx_word' id='word_1_196' title='bbox 698 3354 930 3419; x_wconf 79' lang='grc' dir='ltr'><em>στεῖραν</em></span> <span class='ocrx_word' id='word_1_197' title='bbox 974 3344 1153 3420; x_wconf 79' lang='grc' dir='ltr'><strong><em>εὗρών</em></strong></span> <span class='ocrx_word' id='word_1_198' title='bbox 1198 3346 1298 3420; x_wconf 77' lang='grc' dir='ltr'><strong>τὴν</strong></span> <span class='ocrx_word' id='word_1_199' title='bbox 1347 3346 1624 3414; x_wconf 81' lang='grc' dir='ltr'><strong><em>διάνοιαν,</em></strong></span> <span class='ocrx_word' id='word_1_200' title='bbox 1673 3348 1950 3419; x_wconf 74' lang='grc' dir='ltr'><strong><em>ὅπρακτος</em></strong></span> <span class='ocrx_word' id='word_1_201' title='bbox 1997 3344 2339 3420; x_wconf 73' lang='grc' dir='ltr'><strong><em>ἀπηλλάγην,</em></strong></span> <span class='ocrx_word' id='word_1_202' title='bbox 2386 3346 2487 3418; x_wconf 76' lang='grc' dir='ltr'><strong>τὴν</strong></span> <span class='ocrx_word' id='word_1_203' title='bbox 2519 3349 2631 3423; x_wconf 80' lang='grc' dir='ltr'><strong>μὲν</strong></span> 
     </span>
     <span class='ocr_line' id='line_1_28' title="bbox 317 3425 2632 3506; baseline 0 -19"><span class='ocrx_word' id='word_1_204' title='bbox 317 3438 548 3496; x_wconf 81' lang='grc' dir='ltr'><strong><em>κακίσας</em></strong></span> <span class='ocrx_word' id='word_1_205' title='bbox 591 3437 689 3506; x_wconf 83' lang='grc' dir='ltr'><strong>τῆς</strong></span> <span class='ocrx_word' id='word_1_206' title='bbox 732 3430 987 3506; x_wconf 84' lang='grc' dir='ltr'><strong>οἰήσεως,</strong></span> <span class='ocrx_word' id='word_1_207' title='bbox 1032 3431 1093 3488; x_wconf 81' lang='grc' dir='ltr'><strong>τὸ</strong></span> <span class='ocrx_word' id='word_1_208' title='bbox 1129 3432 1192 3488; x_wconf 76' lang='grc' dir='ltr'><strong>δὲ</strong></span> <span class='ocrx_word' id='word_1_209' title='bbox 1226 3440 1319 3489; x_wconf 77' lang='grc' dir='ltr'><strong>τοῦ</strong></span> <span class='ocrx_word' id='word_1_210' title='bbox 1356 3433 1507 3493; x_wconf 74' lang='grc' dir='ltr'><strong><em>ὄντος</em></strong></span> <span class='ocrx_word' id='word_1_211' title='bbox 1553 3430 1753 3504; x_wconf 78' lang='grc' dir='ltr'><strong><em>κράτος</em></strong></span> <span class='ocrx_word' id='word_1_212' title='bbox 1795 3434 2197 3504; x_wconf 83' lang='grc' dir='ltr'><strong><em>καταπλαγείς,</em></strong></span> <span class='ocrx_word' id='word_1_213' title='bbox 2248 3433 2382 3504; x_wconf 77' lang='grc' dir='ltr'><strong><em>παρ’</em></strong></span> <span class='ocrx_word' id='word_1_214' title='bbox 2433 3425 2496 3487; x_wconf 72' lang='grc' dir='ltr'><strong>οὗ</strong></span> <span class='ocrx_word' id='word_1_215' title='bbox 2532 3434 2632 3494; x_wconf 81' lang='grc' dir='ltr'><strong>τὰς</strong></span> 
     </span>
     <span class='ocr_line' id='line_1_29' title="bbox 319 3515 2626 3593; baseline 0 -19"><span class='ocrx_word' id='word_1_216' title='bbox 319 3524 413 3591; x_wconf 74' lang='grc' dir='ltr'><strong>τῆς</strong></span> <span class='ocrx_word' id='word_1_217' title='bbox 447 3524 632 3593; x_wconf 77' lang='grc' dir='ltr'><strong><em>ψυχῆς</em></strong></span> <span class='ocrx_word' id='word_1_218' title='bbox 666 3518 1043 3591; x_wconf 72' lang='grc' dir='ltr'><strong><em>ἇνοίγνυσθαί</em></strong></span> <span class='ocrx_word' id='word_1_219' title='bbox 1077 3539 1136 3574; x_wconf 86' lang='grc' dir='ltr'><strong>τε</strong></span> <span class='ocrx_word' id='word_1_220' title='bbox 1168 3522 1264 3576; x_wconf 82' lang='grc' dir='ltr'><strong><em>καὶ</em></strong></span> <span class='ocrx_word' id='word_1_221' title='bbox 1300 3522 1700 3592; x_wconf 72' lang='grc' dir='ltr'><strong><em>συγκλείεσθαι</em></strong></span> <span class='ocrx_word' id='word_1_222' title='bbox 1721 3515 1938 3592; x_wconf 79' lang='grc' dir='ltr'><strong><em>μήτρας</em></strong></span> <span class='ocrx_word' id='word_1_223' title='bbox 1960 3519 2314 3591; x_wconf 81' lang='grc' dir='ltr'><strong><em>συμβέβηκεν,</em></strong></span> <span class='ocrx_word' id='word_1_224' title='bbox 2371 3519 2534 3575; x_wconf 74' lang='grc' dir='ltr'><strong><em>’Ἐστι</em></strong></span> <span class='ocrx_word' id='word_1_225' title='bbox 2563 3520 2626 3575; x_wconf 78' lang='grc' dir='ltr'><strong>δὲ</strong></span> 
     </span>
     <span class='ocr_line' id='line_1_30' title="bbox 317 3600 2638 3680; baseline 0 -21"><span class='ocrx_word' id='word_1_226' title='bbox 317 3605 404 3659; x_wconf 84' lang='grc' dir='ltr'><strong>ὅτε</strong></span> <span class='ocrx_word' id='word_1_227' title='bbox 435 3602 597 3665; x_wconf 84' lang='grc' dir='ltr'><strong><em>κενὸς</em></strong></span> <span class='ocrx_word' id='word_1_228' title='bbox 641 3601 827 3670; x_wconf 68' lang='grc' dir='ltr'><strong><em>ἐλθὼν</em></strong></span> <span class='ocrx_word' id='word_1_229' title='bbox 863 3602 1072 3676; x_wconf 78' lang='grc' dir='ltr'><strong><em>πλήρης</em></strong></span> <span class='ocrx_word' id='word_1_230' title='bbox 1109 3602 1380 3677; x_wconf 79' lang='grc' dir='ltr'><strong><em>ἐξαίφνης</em></strong></span> <span class='ocrx_word' id='word_1_231' title='bbox 1413 3601 1705 3678; x_wconf 78' lang='grc' dir='ltr'><strong><em>ἐγενόμην,</em></strong></span> <span class='ocrx_word' id='word_1_232' title='bbox 1744 3600 2168 3675; x_wconf 82' lang='grc' dir='ltr'><strong><em>ἐπινιφομένων</em></strong></span> <span class='ocrx_word' id='word_1_233' title='bbox 2200 3606 2293 3658; x_wconf 81' lang='grc' dir='ltr'><strong><em>καί</em></strong></span> <span class='ocrx_word' id='word_1_234' title='bbox 2331 3606 2638 3680; x_wconf 80' lang='grc' dir='ltr'><strong><em>σπειρομέ-</em></strong></span> 
     </span>
     <span class='ocr_line' id='line_1_31' title="bbox 323 3685 2637 3765; baseline 0.001 -22"><span class='ocrx_word' id='word_1_235' title='bbox 323 3711 433 3744; x_wconf 88' lang='grc' dir='ltr'><strong>νων</strong></span> <span class='ocrx_word' id='word_1_236' title='bbox 469 3689 696 3745; x_wconf 74' lang='grc' dir='ltr'><strong><em>ἄνωθεν</em></strong></span> <span class='ocrx_word' id='word_1_237' title='bbox 732 3689 964 3761; x_wconf 78' lang='grc' dir='ltr'><strong><em>ἀφανῶς</em></strong></span> <span class='ocrx_word' id='word_1_238' title='bbox 1014 3694 1124 3744; x_wconf 83' lang='grc' dir='ltr'><strong>τῶν</strong></span> <span class='ocrx_word' id='word_1_239' title='bbox 1173 3686 1627 3765; x_wconf 73' lang='grc' dir='ltr'><strong><em>ἐπιθυμημάτων,</em></strong></span> <span class='ocrx_word' id='word_1_240' title='bbox 1676 3687 1747 3748; x_wconf 83' lang='grc' dir='ltr'><strong>ὡς</strong></span> <span class='ocrx_word' id='word_1_241' title='bbox 1790 3685 1905 3743; x_wconf 75' lang='grc' dir='ltr'><strong>ιῖπὸ</strong></span> <span class='ocrx_word' id='word_1_242' title='bbox 1948 3692 2186 3760; x_wconf 69' lang='grc' dir='ltr'><strong><em>κατοχῆς</em></strong></span> <span class='ocrx_word' id='word_1_243' title='bbox 2231 3686 2434 3743; x_wconf 76' lang='grc' dir='ltr'><strong><em>ἐνθέου</em></strong></span> <span class='ocrx_word' id='word_1_244' title='bbox 2478 3709 2637 3761; x_wconf 83' lang='grc' dir='ltr'><strong><em>κορυ-</em></strong></span> 
     </span>
     <span class='ocr_line' id='line_1_32' title="bbox 315 3770 2637 3847; baseline 0.001 -19"><span class='ocrx_word' id='word_1_245' title='bbox 315 3779 545 3844; x_wconf 76' lang='grc' dir='ltr'><strong><em>βαντιᾶν</em></strong></span> <span class='ocrx_word' id='word_1_246' title='bbox 578 3778 675 3830; x_wconf 82' lang='grc' dir='ltr'><strong><em>καὶ</em></strong></span> <span class='ocrx_word' id='word_1_247' title='bbox 712 3772 929 3836; x_wconf 79' lang='grc' dir='ltr'><strong><em>πάντως</em></strong></span> <span class='ocrx_word' id='word_1_248' title='bbox 963 3773 1195 3847; x_wconf 77' lang='grc' dir='ltr'><strong>ἀγνοεῖν</strong></span> <span class='ocrx_word' id='word_1_249' title='bbox 1227 3773 1324 3831; x_wconf 84' lang='grc' dir='ltr'><strong>τὸν</strong></span> <span class='ocrx_word' id='word_1_250' title='bbox 1357 3772 1545 3840; x_wconf 85' lang='grc' dir='ltr'><strong><em>τόπον,</em></strong></span> <span class='ocrx_word' id='word_1_251' title='bbox 1582 3771 1710 3834; x_wconf 75' lang='grc' dir='ltr'><strong><em>τοὺς</em></strong></span> <span class='ocrx_word' id='word_1_252' title='bbox 1746 3770 2043 3844; x_wconf 80' lang='grc' dir='ltr'><strong><em>παρόντας,</em></strong></span> <span class='ocrx_word' id='word_1_253' title='bbox 2081 3771 2335 3847; x_wconf 78' lang='grc' dir='ltr'><strong><em>ἐμαυτὸν,</em></strong></span> <span class='ocrx_word' id='word_1_254' title='bbox 2372 3772 2440 3829; x_wconf 79' lang='grc' dir='ltr'><strong>τὰ</strong></span> <span class='ocrx_word' id='word_1_255' title='bbox 2476 3774 2637 3847; x_wconf 82' lang='grc' dir='ltr'><strong><em>λεγό·</em></strong></span> 
     </span>
     <span class='ocr_line' id='line_1_33' title="bbox 318 3857 2633 3935; baseline 0.001 -21"><span class='ocrx_word' id='word_1_256' title='bbox 318 3879 477 3932; x_wconf 87' lang='grc' dir='ltr'><strong><em>μενα,</em></strong></span> <span class='ocrx_word' id='word_1_257' title='bbox 513 3858 580 3915; x_wconf 79' lang='grc' dir='ltr'><strong>τὰ</strong></span> <span class='ocrx_word' id='word_1_258' title='bbox 616 3860 966 3935; x_wconf 78' lang='grc' dir='ltr'><strong><em>γραφόμενα.</em></strong></span> <span class='ocrx_word' id='word_1_259' title='bbox 1043 3860 1265 3933; x_wconf 77' lang='grc' dir='ltr'><strong><em>Σχεδὸν</em></strong></span> <span class='ocrx_word' id='word_1_260' title='bbox 1300 3858 1411 3933; x_wconf 74' lang='grc' dir='ltr'><strong>γὰρ</strong></span> <span class='ocrx_word' id='word_1_261' title='bbox 1447 3857 1741 3934; x_wconf 77' lang='grc' dir='ltr'><strong><em>ἕρμηνεύει</em></strong></span> <span class='ocrx_word' id='word_1_262' title='bbox 1790 3861 2015 3934; x_wconf 73' lang='grc' dir='ltr'><strong><em>εὕρεσιν</em></strong></span> <span class='ocrx_word' id='word_1_263' title='bbox 2050 3861 2305 3926; x_wconf 83' lang='lat' dir='ltr'><strong>(fortasse</strong></span> <span class='ocrx_word' id='word_1_264' title='bbox 2341 3861 2633 3931; x_wconf 83' lang='lat' dir='ltr'><strong>legendum</strong></span> 
     </span>
     <span class='ocr_line' id='line_1_34' title="bbox 322 3942 2635 4019; baseline 0 -18"><span class='ocrx_word' id='word_1_265' title='bbox 322 3953 402 4001; x_wconf 81' lang='lat' dir='ltr'><strong>est</strong></span> <span class='ocrx_word' id='word_1_266' title='bbox 433 3944 605 4017; x_wconf 81' lang='grc' dir='ltr'><strong><em>ἔσχον</em></strong></span> <span class='ocrx_word' id='word_1_267' title='bbox 636 3944 745 4017; x_wconf 82' lang='grc' dir='ltr'><strong>γὰρ</strong></span> <span class='ocrx_word' id='word_1_268' title='bbox 782 3945 1085 4019; x_wconf 76' lang='grc' dir='ltr'><strong><em>ἑρμηνείας</em></strong></span> <span class='ocrx_word' id='word_1_269' title='bbox 1118 3949 1349 4018; x_wconf 81' lang='grc' dir='ltr'><strong><em>ρεὕσιν),</em></strong></span> <span class='ocrx_word' id='word_1_270' title='bbox 1387 3944 1570 4016; x_wconf 85' lang='grc' dir='ltr'><strong><em>φωτὸς</em></strong></span> <span class='ocrx_word' id='word_1_271' title='bbox 1606 3942 1935 4010; x_wconf 73' lang='grc' dir='ltr'><strong><em>ἀπόλαυσιν,</em></strong></span> <span class='ocrx_word' id='word_1_272' title='bbox 1973 3942 2440 4018; x_wconf 72' lang='grc' dir='ltr'><strong><em>όξυδερκεστάτην</em></strong></span> <span class='ocrx_word' id='word_1_273' title='bbox 2480 3945 2635 4014; x_wconf 78' lang='grc' dir='ltr'><strong><em>ὄψιν,</em></strong></span> 
     </span>
     <span class='ocr_line' id='line_1_35' title="bbox 318 4024 2633 4105; baseline 0.002 -22"><span class='ocrx_word' id='word_1_274' title='bbox 318 4026 609 4102; x_wconf 81' lang='grc' dir='ltr'><strong><em>ἐνέργειαν</em></strong></span> <span class='ocrx_word' id='word_1_275' title='bbox 642 4035 754 4086; x_wconf 83' lang='grc' dir='ltr'><strong>τῶν</strong></span> <span class='ocrx_word' id='word_1_276' title='bbox 787 4028 1133 4105; x_wconf 81' lang='grc' dir='ltr'><strong><em>πραγμάτων</em></strong></span> <span class='ocrx_word' id='word_1_277' title='bbox 1169 4028 1583 4105; x_wconf 77' lang='grc' dir='ltr'><strong><em>ἆριδηλοτάτην,</em></strong></span> <span class='ocrx_word' id='word_1_278' title='bbox 1629 4024 1722 4085; x_wconf 80' lang='grc' dir='ltr'><strong><em>οἶα</em></strong></span> <span class='ocrx_word' id='word_1_279' title='bbox 1757 4030 1961 4103; x_wconf 78' lang='grc' dir='ltr'><strong><em>γένοιτ’</em></strong></span> <span class='ocrx_word' id='word_1_280' title='bbox 2000 4031 2093 4085; x_wconf 77' lang='grc' dir='ltr'><strong>ἄν’</strong></span> <span class='ocrx_word' id='word_1_281' title='bbox 2114 4031 2188 4085; x_wconf 78' lang='grc' dir='ltr'><strong>δι’</strong></span> <span class='ocrx_word' id='word_1_282' title='bbox 2229 4031 2545 4103; x_wconf 74' lang='grc' dir='ltr'><strong><em>ὀφθαλμῶν</em></strong></span> <span class='ocrx_word' id='word_1_283' title='bbox 2571 4029 2633 4087; x_wconf 79' lang='grc' dir='ltr'><strong>ἐκ</strong></span> 
     </span>
     <span class='ocr_line' id='line_1_36' title="bbox 323 4113 945 4188; baseline 0.002 -18"><span class='ocrx_word' id='word_1_284' title='bbox 323 4113 669 4188; x_wconf 77' lang='grc' dir='ltr'><strong><em>σαφεστάτης</em></strong></span> <span class='ocrx_word' id='word_1_285' title='bbox 704 4115 945 4178; x_wconf 76' lang='grc' dir='ltr'><strong><em>δείξεως.</em></strong></span> 
     </span>
    </p>
   </div>
   <div class='ocr_carea' id='block_1_7' title="bbox 447 4220 1464 4482">
    <p class='ocr_par' dir='ltr' id='par_1_7' title="bbox 447 4220 1464 4482">
     <span class='ocr_line' id='line_1_37' title="bbox 453 4220 1454 4289; baseline 0 -14"><span class='ocrx_word' id='word_1_286' title='bbox 453 4220 478 4261; x_wconf 76' lang='lat'>²</span> <span class='ocrx_word' id='word_1_287' title='bbox 531 4222 649 4275; x_wconf 75' lang='lat' dir='ltr'><strong>Vita</strong></span> <span class='ocrx_word' id='word_1_288' title='bbox 680 4223 821 4276; x_wconf 74' lang='lat' dir='ltr'><strong>Mos.</strong></span> <span class='ocrx_word' id='word_1_289' title='bbox 846 4221 902 4275; x_wconf 92' lang='grc' dir='ltr'><strong>ΙΙ</strong></span> <span class='ocrx_word' id='word_1_290' title='bbox 938 4220 1001 4276; x_wconf 89' lang='lat' dir='ltr'><strong>T.</strong></span> <span class='ocrx_word' id='word_1_291' title='bbox 1028 4220 1096 4287; x_wconf 93' lang='grc' dir='ltr'><strong>ΙΙ,</strong></span> <span class='ocrx_word' id='word_1_292' title='bbox 1133 4237 1186 4289; x_wconf 86' lang='lat' dir='ltr'><strong>p.</strong></span> <span class='ocrx_word' id='word_1_293' title='bbox 1216 4222 1316 4274; x_wconf 85' lang='lat'><strong>138</strong></span> <span class='ocrx_word' id='word_1_294' title='bbox 1340 4236 1454 4289; x_wconf 85' lang='lat' dir='ltr'><strong>sqq.</strong></span> 
     </span>
     <span class='ocr_line' id='line_1_38' title="bbox 452 4313 1464 4386; baseline 0 -17"><span class='ocrx_word' id='word_1_295' title='bbox 452 4314 477 4355; x_wconf 82' lang='lat'><strong>3</strong></span> <span class='ocrx_word' id='word_1_296' title='bbox 520 4317 726 4386; x_wconf 76' lang='lat' dir='ltr'><strong>Antiqq.</strong></span> <span class='ocrx_word' id='word_1_297' title='bbox 751 4313 874 4381; x_wconf 89' lang='lat' dir='ltr'><strong>XII,</strong></span> <span class='ocrx_word' id='word_1_298' title='bbox 899 4317 948 4369; x_wconf 89' lang='lat'><strong>2.</strong></span> <span class='ocrx_word' id='word_1_299' title='bbox 985 4315 1049 4368; x_wconf 88' lang='lat' dir='ltr'><strong>T.</strong></span> <span class='ocrx_word' id='word_1_300' title='bbox 1068 4314 1112 4381; x_wconf 92' lang='lat'><strong>1,</strong></span> <span class='ocrx_word' id='word_1_301' title='bbox 1149 4331 1200 4383; x_wconf 90' lang='lat' dir='ltr'><strong>p.</strong></span> <span class='ocrx_word' id='word_1_302' title='bbox 1222 4316 1325 4380; x_wconf 66' lang='lat'><strong>538</strong></span> <span class='ocrx_word' id='word_1_303' title='bbox 1348 4330 1464 4384; x_wconf 87' lang='lat' dir='ltr'><strong>sqq.</strong></span> 
     </span>
     <span class='ocr_line' id='line_1_39' title="bbox 447 4407 1343 4482; baseline -0.004 -18"><span class='ocrx_word' id='word_1_304' title='bbox 447 4407 473 4451; x_wconf 79' lang='lat'><strong>⁴¹</strong></span> <span class='ocrx_word' id='word_1_305' title='bbox 525 4409 642 4468; x_wconf 81' lang='lat' dir='ltr'><strong>Vita</strong></span> <span class='ocrx_word' id='word_1_306' title='bbox 678 4409 817 4466; x_wconf 73' lang='lat' dir='ltr'><strong>Mos.</strong></span> <span class='ocrx_word' id='word_1_307' title='bbox 851 4407 920 4463; x_wconf 93' lang='lat' dir='ltr'><strong>II.</strong></span> <span class='ocrx_word' id='word_1_308' title='bbox 957 4407 1019 4463; x_wconf 89' lang='lat' dir='ltr'><strong>T.</strong></span> <span class='ocrx_word' id='word_1_309' title='bbox 1045 4407 1115 4471; x_wconf 89' lang='grc' dir='ltr'><strong>ΙΙ,</strong></span> <span class='ocrx_word' id='word_1_310' title='bbox 1152 4425 1205 4482; x_wconf 88' lang='lat' dir='ltr'><strong>p.</strong></span> <span class='ocrx_word' id='word_1_311' title='bbox 1232 4411 1343 4467; x_wconf 78' lang='lat'><strong>140,</strong></span> 
     </span>
    </p>
   </div>
  </div>
 </body>
</html>
