3264 5076
1703 409 1799 485 44

1598 504 1904 513 ——-—-—

575 634 699 726 γὰρ
752 640 874 706 τοῦ
917 633 1266 727 προφήτου
1320 630 1580 705 Ἡσαΐου
1629 633 2190 724 προεπιστάμενος
2232 630 2272 705 ὁ
2316 634 2505 720 θεὸς,
2551 631 2656 708 ὅτι
2699 643 2907 709 ταῦτα

574 759 795 845 μέλλει
846 752 1013 845 ὑμᾶς
1065 770 1307 835 ποιεῖν,
1364 753 1778 845 κατηράσατο
1832 751 2063 838 οὕτως.
2154 765 2324 840 Apol.
2353 760 2402 844 Ι,
2437 780 2488 828 c.
2523 763 2626 847 41,
2655 782 2719 848 p.
2746 765 2901 831 220:

582 880 695 945 καὶ
735 873 940 945 πάλιν
985 871 1068 945 δι’
1109 872 1312 966 ἄλλης
1334 879 1740 964 προφητείας
1777 873 2032 965 μηνύον
2071 874 2151 945 τὸ
2185 876 2606 968 προφητικὸν
2648 883 2905 968 πνεῦμα

581 991 664 1065 δι’
692 988 896 1065 αὐτοῦ
936 999 1056 1064 τοῦ
1084 998 1292 1079 Δαβὶό
1315 994 1513 1065 εἶπεν.
1572 1018 1626 1065 c.
1654 1001 1756 1084 63,
1799 1021 1863 1084 p.
1896 1000 2049 1066 262:
2071 993 2152 1064 τὸ
2179 997 2602 1087 προφητικὸν
2651 1002 2906 1087 πνεῦμα

576 1115 685 1184 διὰ
733 1111 993 1185 Ἡσαΐου
1047 1113 1396 1205 προφήτου
1453 1115 1728 1204 ἐλέγχον
1782 1110 2023 1195 αὐτοὺς
2084 1113 2283 1185 εἶπεν.
2385 1119 2600 1185 Unum
2653 1126 2898 1187 tantum

573 1236 783 1304 locum
839 1237 1129 1305 invenire
1182 1237 1369 1305 nobis
1437 1238 1731 1323 contigit,
1797 1257 1923 1321 quo
1975 1238 2018 1303 J
2021 1236 2267 1305 ustinus
2328 1238 2525 1305 etiam
2580 1259 2903 1326 personae

578 1356 1035 1444 prophetarum
1064 1357 1383 1425 rationem
1411 1356 1658 1425 habere
1696 1356 1976 1424 videtur:
2010 1362 2171 1423 Μαι.
2195 1377 2250 1423 c.
2279 1362 2378 1423 Tr.
2404 1378 2458 1425 c.
2493 1361 2631 1445 118,
2662 1380 2740 1446 p:
2755 1362 2902 1446 392,

570 1477 680 1542 ubi
704 1476 1107 1560 Jes.L11‚15.
1137 1478 1353 1564 Ln1,1
1395 1478 1488 1543 ita
1517 1477 1737 1567 affert:
1779 1479 1983 1544 Τοῦτο
2012 1473 2450 1562 θαυμάζων
2475 1471 2732 1556 Ἡσαΐας
2753 1477 2900 1565 ἔφη.
2967 1499 2978 1509 ·

576 1594 711 1662 Sed
766 1595 871 1662 hic
933 1616 1186 1680 quoque
1254 1596 1788 1664 considerandum
1855 1602 1983 1680 est,
2050 1596 2437 1683 prophetam
2499 1597 2903 1665 solummodo

575 1715 781 1783 videri
826 1735 863 1782 e
908 1736 1191 1801 persona
1234 1736 1355 1782 sua
1390 1715 1583 1803 loqui,
1626 1737 1859 1784 revera
1893 1717 2121 1800 Logon
2152 1715 2326 1800 loqui
2362 1736 2481 1803 per
2510 1737 2677 1786 eum.
2736 1721 2899 1785 Tam

577 1856 804 1904 severe
845 1836 1167 1903 Justinum
1213 1835 1294 1903 de
1334 1836 1758 1923 inspiratione
1791 1837 2031 1904 sentire
2063 1836 2259 1902 etiam
2290 1835 2440 1904 inde
2477 1838 2902 1921 cognoscitur,

575 1954 748 2039 quod
807 1956 1070 2023 fabulae
1143 1955 1225 2023 de
1288 1957 1681 2025 miraculosa
1730 1956 2048 2024 versionis
2102 1955 2587 2027 Alexandrinae
2653 1958 2902 2043 origine

572 2074 765 2142 fidem
809 2075 1010 2143 habet
1062 2095 1335 2161 eamque
1388 2077 1668 2163 ingenue
1724 2082 1790 2143 et
1844 2075 2220 2161 simpliciter
2271 2079 2544 2143 narrat.¹
2621 2078 2900 2163 Repetit

570 2196 1034 2281 Ptolemaeum,
1079 2203 1422 2283 postquam
1469 2196 1844 2281 cognoverit
1887 2195 2306 2281 septuaginta
2331 2196 2480 2263 illos
2509 2196 2899 2282 interpretes

571 2335 964 2401 quamquam
1006 2316 1076 2382 in
1120 2317 1413 2401 singulas
1460 2316 1663 2383 cellas
1716 2315 2004 2383 inclusos
2046 2335 2176 2382 non
2224 2315 2432 2381 solum
2477 2315 2712 2383 eadem
2758 2336 2901 2383 sen·

573 2437 807 2522 tentia,
858 2434 978 2504 sed
1033 2436 1228 2504 etiam
1284 2435 1514 2504 iisdem
1558 2437 1777 2504 verbis
1824 2456 1976 2504 usos
2021 2455 2172 2502 esse
2218 2456 2299 2502 ac
2340 2456 2424 2503 ne
2468 2457 2598 2503 una
2642 2435 2901 2519 quidem

570 2557 805 2624 vocula
836 2577 879 2623 a
908 2564 1125 2624 mutuo
1157 2577 1477 2625 consensu
1508 2556 1869 2641 aberrasse,
1901 2557 2030 2623 imo
2062 2554 2292 2623 eadem
2328 2555 2563 2624 iisdem
2592 2554 2674 2624 de
2705 2557 2899 2623 rebus

578 2677 950 2763 scripsisse,
1008 2683 1270 2764 stupore
1329 2665 1695 2763 perculsum
1747 2697 1826 2744 ac
1872 2675 1956 2743 de
2000 2675 2223 2744 divina
2266 2677 2410 2761 ejus
2455 2675 2898 2743 translationis

580 2796 828 2882 origine
870 2796 1133 2863 firmiter
1176 2816 1554 2882 persuasum
1607 2817 1785 2882 esse,
1840 2817 2039 2881 quare
2092 2797 2480 2882 interpretes
2523 2798 2666 2864 Deo
2713 2817 2900 2864 caros

582 2923 648 2984 et
701 2936 950 2985 summo
1005 2915 1249 2984 honore
1305 2916 1537 3002 dignos
1581 2916 2003 3002 judicaverit,
2058 2917 2256 2984 libros
2316 2923 2527 2985 autem
2575 2937 2793 2985 eorum
2838 2923 2909 2983 ut

575 3035 829 3103 divinos
875 3036 1020 3105 loco
1066 3042 1294 3104 sancto
1337 3037 1718 3123 reposuerit.

745 3156 880 3225 Sed
923 3157 1119 3224 etiam
1164 3157 1357 3224 ceteri
1393 3157 1785 3244 apolog-etue
1817 3156 2211 3244 Scripturam
2251 3177 2505 3224 sacram
2536 3178 2654 3243 pro
2690 3158 2902 3226 Verbo

581 3277 982 3345 strictissime
1025 3276 1242 3343 divino
1286 3275 1547 3344 habent.
1639 3282 1949 3354 Tatianus,
1998 3276 2106 3362 qui
2151 3277 2354 3344 semel
2399 3284 2645 3345 tantum
2691 3280 2899 3346 locum

572 3397 828 3464 Veteris
893 3398 1298 3464 Testamenti
1368 3397 1511 3483 (Ps.
1541 3398 1710 3482 VIII,
1740 3395 1818 3483 5)
1878 3395 2145 3464 adhibet
2210 3397 2294 3483 (c.
2348 3397 2476 3483 15),
2533 3397 2897 3484 Scripturas

579 3518 841 3584 oracula
871 3515 1275 3585 divinissima
1308 3511 1684 3598 (θειοτάτας
1726 3512 2080 3603 ἑρμηνείας,
2126 3511 2234 3583 διὰ
2275 3519 2531 3603 γραφῆς
2574 3517 2900 3605 ἐξεληλεγ-

575 3637 799 3723 μένοις)
846 3645 912 3704 et
959 3635 1220 3704 divinae
1265 3636 1808 3725 pronuntiationis
1855 3655 2186 3704 sermones
2218 3637 2426 3714 (θείας
2463 3631 2904 3724 ἑκφωνήσεως

571 3752 831 3843 λόγους)
886 3758 1270 3843 nuncupat.²
1378 3761 1743 3838 Theophilus
1807 3763 2023 3824 autem
2090 3756 2517 3827 instrumenta
2567 3756 2695 3823 Dei
2747 3755 2809 3824 h.
2845 3777 2903 3823 e.

716 4032 735 4072 ¹
791 4031 911 4087 ΟυῙι.
947 4036 1020 4086 ad
1061 4033 1154 4088 Gr.
1193 4047 1237 4087 c.
1269 4033 1349 4100 13,
1386 4047 1440 4101 p.
1465 4032 1535 4085 44
1559 4046 1675 4101 sqq.

708 4116 734 4157 2
784 4117 872 4172 Or.
908 4121 982 4171 acl
1023 4119 1114 4174 Gr.
1151 4132 1196 4173 e.
1225 4120 1306 4185 12,
1342 4133 1396 4186 p.
1417 4119 1509 4170 54:
1560 4117 1610 4168 Τ
1606 4113 1643 4170 ὰ
1680 4116 1743 4170 δὲ
1778 4115 1912 4171 καθ’
1937 4113 2141 4170 ἕκαστα
2182 4112 2420 4171 δυνατὸν
2442 4115 2784 4187 κατανοῆσαι
2820 4119 2896 4192 τῷ

572 4198 649 4274 μὴ
685 4197 993 4260 κενοδόξως
1026 4200 1525 4272 ἇποσκορακίζοντι
1567 4199 1670 4262 τὰς
1704 4196 2002 4261 θειοτάτας
2046 4200 2372 4275 ἑρμηνείας,
2422 4199 2485 4254 αἳ
2515 4198 2657 4255 κατὰ
2691 4197 2903 4275 χρόνον

576 4284 672 4340 διὰ
716 4290 944 4359 γραφῆς
988 4282 1411 4362 ἑξεληλεγμέναι
1460 4283 1609 4342 πάνυ
1652 4290 1947 4360 θεοφιλεῖς
1988 4283 2114 4347 τοὺς
2161 4288 2543 4358 προσέχοντας
2576 4284 2772 4346 αὐταῖς
2809 4306 2905 4342 πε-

575 4370 892 4446 ποιήκασιν.
965 4376 1125 4441 Ῑὸίἀ.,
1157 4391 1212 4444 p.
1237 4377 1328 4429 56:
1387 4373 1568 4429 Ταῦτα
1607 4374 1670 4428 δὲ
1707 4371 1867 4447 ἡμῶν
1899 4371 2175 4445 λεγὸντων
2209 4371 2308 4428 οὐκ
2345 4369 2458 4428 ἀπὸ
2492 4368 2734 4445 γλώττης
2769 4370 2900 4427 οὐδὲ
