3264 5076
1680 386 1764 464 76

553 610 705 678 tinis
758 608 1122 699 laudatur¹,
1180 610 1302 681 sed
1356 614 1447 682 ibi
1498 614 1686 684 deest
1742 613 1915 700 qnod
1965 613 2252 682 Justinus
2308 613 2516 702 addit,
2565 614 2707 684 fieri
2749 637 2879 683 non

556 750 788 816 posse,
851 739 922 798 ut
974 734 1117 817 quis
1172 734 1241 799 in
1283 741 1534 802 uterum
1578 734 1807 802 matris
1864 740 2255 820 revertatur-3
2298 736 2471 803 unde
2518 736 2731 803 elueet
2771 739 2876 804 Ju-

557 850 790 917 stinum
847 850 1013 919 haee
1072 875 1203 920 non
1257 854 1517 921 aliunde
1581 855 1711 921 nisi
1764 875 1801 921 e
1854 860 2083 938 quarto
2147 855 2492 938 evangelio
2561 855 2878 922 hausisse.

557 971 954 1054 Argumenta
971 1023 987 1055 ,
1046 973 1277 1057 quibus
1337 975 1725 1039 Volkmarus²
1788 973 1956 1040 hune
2001 973 2324 1057 evangelii
2367 975 2411 1041 J
2412 976 2649 1041 oannei
2693 995 2876 1042 usum

560 1090 909 1177 profligare
955 1098 1149 1176 atque
1196 1091 1364 1161 adeo
1409 1095 1688 1180 probare
1731 1093 2017 1179 molitur,
2072 1094 2393 1160 Justinum
2439 1095 2700 1161 omnino
2748 1115 2876 1160 non

559 1211 820 1278 novisse
863 1211 1025 1276 illud
1069 1213 1507 1297 evangelium,
1555 1212 1795 1299 quippe
1851 1211 2020 1296 qnod
2079 1233 2159 1279 ex
2206 1214 2550 1299 evangelio
2597 1213 2876 1298 quodam

559 1329 946 1417 archetypo,
990 1331 1228 1398 Justini
1273 1339 1567 1418 tempore
1614 1332 1825 1398 adhue
1854 1333 2106 1418 integro
2139 1339 2203 1399 et
2232 1333 2631 1419 incorrupte,
2662 1335 2881 1401 elabo-

559 1458 769 1517 ratum
815 1452 918 1535 sit,
963 1452 1275 1535 majorem
1323 1452 1747 1534 sagacitatem
1794 1473 1987 1536 quam
2035 1453 2450 1519 sobrietatem
2482 1453 2649 1519 illius
2679 1454 2880 1520 eritiei

560 1572 1020 1637 demonstrant.

741 1690 845 1756 Ad
899 1676 1019 1756 has
1073 1711 1235 1775 quas
1289 1711 1326 1758 e
1382 1689 1640 1777 seriptis
1696 1691 1932 1757 Justini
1995 1690 2319 1758 attulimus
2396 1691 2879 1759 recordationes

561 1813 893 1878 Joanneas
964 1809 1089 1876 hoe
1153 1806 1435 1894 aceedit,
1499 1808 1672 1893 quod
1736 1809 2092 1877 doctrinam
2148 1810 2230 1877 de
2299 1811 2535 1878 Christi
2598 1829 2880 1897 persona

563 1931 802 1996 Joanni
873 1929 1294 2014 peculiarem,
1369 1949 1539 2013 quae
1606 1930 1936 2015 prooemio
1999 1931 2326 2015 evangelii
2391 1931 2531 2015 ejus
2592 1950 2878 2016 compre*

564 2047 887 2135 henditur,
930 2070 1061 2115 non
1091 2048 1295 2116 solum
1332 2048 1578 2133 aliquot
1612 2049 1774 2115 loeis
1803 2050 2043 2116 Justini
2071 2057 2528 2136 personantem
2558 2049 2876 2135 audimus,

534 2169 684 2236 ‚sed
728 2169 924 2235 totius
968 2168 1424 2253 christologiae
1464 2169 1602 2254 ejus
1645 2167 2128 2235 fundamentum
2167 2189 2313 2236 esse
2355 2171 2764 2254 cognoscitur
2794 2206 2871 2216 -—-

563 2288 735 2372 quod
800 2287 1058 2373 quidem
1139 2289 1493 2352 ΡοΖΙεηιανο3
1563 2292 1786 2353 tantae
1852 2296 1951 2355 est
2004 2289 2371 2368 offensioni,
2433 2295 2503 2355 ut
2552 2289 2594 2354 J
2598 2310 2877 2356 oannem

561 2408 775 2494 potius
821 2402 873 2474 e
902 2408 1158 2474 Justino
1202 2406 1500 2483 hausisse
1545 2408 1748 2473 malit.
1838 2407 1970 2473 Sed
2015 2406 2183 2475 hane
2228 2408 2596 2495 opinionem
2636 2427 2878 2476 vanam

563 2549 712 2595 esse
756 2535 823 2596 et
866 2527 1387 2612 commentitiam,
1433 2547 1565 2594 non
1604 2527 1814 2593 solum
1856 2525 2010 2594 inde
2039 2529 2343 2615 sequitur,
2374 2528 2545 2612 quod
2583 2528 2875 2595 Justinus

562 2648 823 2715 minime
871 2655 1055 2715 tanta
1096 2646 1317 2714 indole
1363 2645 1698 2732 praeditus
1743 2653 1913 2732 erat,
1958 2654 2028 2713 ut
2074 2654 2305 2734 suopte
2350 2649 2614 2732 ingenio
2658 2647 2876 2716 ideam

560 2769 680 2833 τοῦ
727 2763 930 2851 λόγου
975 2765 1061 2833 ad
1105 2786 1453 2853 personam
1505 2767 1670 2833 Jesu
1716 2765 1954 2833 Christi
1987 2768 2451 2853 'transferret⁴,
2507 2767 2626 2835 sed
2684 2767 2878 2833 etiam

564 2885 741 2972 inde,
799 2885 971 2971 quod
1023 2886 1147 2952 hoe
1197 2891 1520 2972 repugnat
1573 2906 1928 2972 expressae
1982 2889 2217 2954 Justini
2281 2887 2717 2972 affirmationi,
2772 2886 2881 2954 do-

565 3007 834 3074 ctrinam
895 3027 1079 3074 suam
1132 3005 1214 3073 de
1265 3008 1451 3089 Logo
1519 3006 1853 3090 unigenito
1910 3013 1977 3072 et
2029 3008 2367 3074 incarnato
2425 3028 2462 3074 e
2516 3007 2875 3092 scriptioni-

565 3128 682 3193 bus
738 3126 1133 3212 evangelieis
1204 3126 1505 3191 haustam
1572 3144 1738 3192 esse.
1847 3123 2236 3213 Μονογενὴς
2294 3122 2419 3212 γὰρ
2487 3121 2590 3192 ὅτι
2642 3113 2729 3212 ἧν
2779 3128 2882 3211 τῷ

563 3248 765 3331 πατρὶ
791 3249 932 3313 τῶν
962 3240 1145 3313 ὅλων
1174 3233 1368 3322 οὗτος
1404 3281 1475 3291 -
1521 3244 1728 3327 inquit
1753 3246 1821 3310 in
1855 3251 2014 3312 Dial.
2048 3268 2099 3311 c.
2140 3253 2237 3312 Tr.
2275 3267 2327 3313 e.
2367 3249 2505 3329 105,
2551 3268 2614 3331 p.
2641 3249 2763 3309 352
2799 3283 2876 3292 —-

565 3364 749 3442 ἰδίως
803 3364 874 3447 ἐξ
936 3358 1139 3431 αὐτοῦ
1201 3360 1396 3449 λόγος
1457 3364 1570 3428 καὶ
1632 3360 1903 3449 δύναμις
1956 3367 2378 3451 γεγενημένος
2439 3367 2551 3431 καὶ
2602 3359 2881 3450 ὕστερον

567 3572 681 3624 107.
737 3570 1312 3638 Tischendorfium
1348 3568 1382 3622 l.
1410 3584 1455 3623 c,
1493 3584 1546 3636 p.
1573 3570 1639 3620 35
1665 3584 1743 3636 sq.
1809 3571 2376 3634 Weizsaeckerum,
2421 3569 2878 3640 Umersuckunyen

563 3656 687 3709 aber
719 3659 804 3710 die
841 3656 1188 3726 evanyelische
1223 3655 1548 3708 -Geschichta
1612 3655 1761 3708 1864.
1809 3670 1860 3721 p.
1888 3655 2005 3707 227.

703 3741 721 3780 ¹
779 3741 843 3796 V.
878 3740 1375 3808 Tischendorjii
1421 3737 1712 3794 editionem
1754 3738 1821 3794 N.
1847 3738 1908 3793 T.
1948 3739 2094 3794 v111.
2131 3738 2202 3793 ad
2240 3739 2398 3795 Joan.
2428 3742 2532 3810 111,
2561 3744 2620 3808 5,
2663 3746 2719 3795 et
2756 3746 2884 3796 An-

559 3828 705 3895 yeri
739 3824 1007 3895 Synopsin
1040 3843 1092 3895 p.
1119 3828 1236 3881 273.

699 3912 722 3951 ²
775 3914 1075 3982 Proqramm
1107 3914 1232 3966 ilber
1265 3912 1442 3966 Justin
1479 3914 1579 3964 den
1616 3912 1884 3980 Martyrer
1927 3915 2036 3965 und
2078 3914 2189 3965 sein
2234 3913 2557 3967 Verhdltniss
2590 3931 2654 3967 zu
2688 3931 2881 3967 unsren

564 3998 894 4066 Evanyelien.
957 4000 1104 4051 1853.
1153 4013 1207 4065 p.
1236 3997 1455 4049 12-23,
1528 3992 1635 4049 Gfr.
1672 3997 1979 4061 Eundem,
2023 3996 2133 4050 Der
2182 3996 2457 4067 Urspruny
2491 4017 2675 4052 unsrer
2711 4000 2884 4052 Evan-

560 4084 741 4151 9elien.
793 4098 847 4150 p.
873 4083 941 4135 98
968 4098 1084 4152 sqq.

698 4166 732 4207 3*
765 4168 878 4223 Der
922 4168 1194 4240 Urspruny
1227 4186 1412 4222 unsrer
1445 4168 1779 4236 Evanyelien.
1844 4182 1898 4234 p.
1925 4170 2007 4221 95.

695 4254 720 4291 ⁴
767 4252 875 4309 Cfr.
910 4255 1329 4309 Semischium
1371 4253 1406 4308 l.
1433 4268 1477 4307 c,
1513 4268 1565 4320 p.
1596 4254 1883 4308 170-189.
1954 4254 2396 4309 Lulhardtum
2429 4253 2464 4308 l.
2491 4269 2536 4309 e.
2573 4270 2627 4322 p.
2656 4255 2878 4309 68-81.

569 4337 1145 4408 Tischendorfium
1183 4339 1216 4391 1.
1243 4354 1287 4393 e.
1324 4355 1374 4407 p.
1400 4340 1463 4391 31
1491 4353 1571 4406 sq.
1661 4338 2345 4398 Weizsaeckeruml.e.
