3264 5076
1560 393 1638 463 81

434 620 498 687 οἱ
534 620 985 707 ,κατηραμένοι
1035 621 1126 697 εἰς
1182 616 1261 686 τὸ
1315 621 1446 704 πῦρ
1498 615 1578 687 τὸ
1622 615 1923 705 αἰώνιον,
1976 614 2055 684 τὸ
2108 613 2586 705 ἡτοιμασμένον
2640 618 2743 701 τῷ

434 736 724 825 διαβόλῳ
768 742 878 806 καὶ
929 753 1068 817 τοῖς
1121 733 1416 825 α’γγέλοις
1474 734 1695 806 αὐτοῦ.
1778 745 2055 804 Justinus
2109 737 2296 823 (Dial.
2332 759 2382 803 c.
2422 744 2517 803 Tr.
2552 758 2606 803 o.
2634 740 2737 820 76,

431 883 495 948 p.
528 859 682 946 258)
738 879 891 926 vero
950 861 1044 925 ita
1095 860 1322 928 habet:
1382 861 1513 927 Καὶ
1557 858 1631 925 ἐν
1675 852 1901 934 ἄλλοις
1943 854 2191 944 λόγοις,
2248 854 2346 936 οἷς
2389 852 2737 924 καταδικά-

429 987 563 1064 ζειν
614 976 768 1057 τοὺς
812 972 1116 1062 α’ναξίους
1169 977 1256 1067 μὴ
1304 976 1632 1064 σώζεσθαι
1684 980 1929 1065 μέλλει,
1983 977 2111 1065 ἔφη
2170 977 2341 1063 ἐρεῖν
2366 998 2380 1013 ·
2431 972 2740 1062 Ὑπάγετε

431 1100 522 1177 εἰς
577 1096 656 1165 τὸ
711 1095 946 1177 σκότος
987 1097 1066 1167 τὸ
1111 1097 1457 1186 ἐξώτερον,
1513 1094 1555 1167 3
1596 1093 1948 1187 ἡτοίμασεν
1992 1092 2030 1164 3
2075 1094 2290 1185 πατὴρ
2343 1100 2443 1182 τῷ
2489 1098 2738 1183 σατανᾷ

432 1221 541 1285 καὶ
591 1233 731 1297 τοῖς
789 1213 1085 1305 ἀγγέλοις
1149 1214 1368 1286 αὐτοῦ.
1488 1220 1797 1286 Similiter
1857 1224 2155 1283 Humiliae
2218 1236 2385 1302 quae
2448 1215 2739 1283 dicuntur

436 1345 743 1405 Clementis
785 1340 961 1418 XIX,
994 1343 1057 1405 2:
1102 1341 1233 1406 Καὶ
1274 1333 1440 1424 ἄλλῃ
1483 1363 1614 1407 που
1655 1336 1821 1407 εἷπε·
1861 1333 2180 1423 ὑπέσχετο
2229 1350 2369 1414 τοῖς
2414 1330 2736 1418 άσεβέσιν·

420 1454 725 1544 Ὑπάγετε
769 1460 860 1537 εἰς
902 1455 980 1526 τὸ
1027 1456 1262 1536 σκότος
1305 1456 1383 1526 τὸ
1428 1455 1767 1545 ἐξώτερον,
1816 1452 1859 1527 3
1899 1453 2250 1545 ἡτοίμασεν
2294 1451 2332 1523 3
2376 1453 2592 1544 πατὴρ
2635 1460 2740 1543 τῷ

433 1575 720 1664 διαβόλῳ
787 1580 899 1645 καὶ
961 1592 1100 1656 τοῖς
1167 1572 1463 1665 ἀγγέλοις
1528 1572 1748 1646 αὐτοῦ.
1864 1579 2156 1646 Justinus
2209 1584 2275 1644 et
2327 1578 2735 1644 Clementina

432 1700 836 1765 consentiunt
887 1700 954 1765 in
1010 1698 1391 1766 lectionibus
1460 1697 1526 1784 1)
1579 1692 1858 1783 ὑπάγετε
1920 1721 2038 1785 pro
2090 1693 2477 1782 πορεύεσθε,
2533 1696 2603 1783 2)
2658 1694 2737 1764 τὸ

431 1815 664 1896 σκότος
719 1814 796 1883 τὸ
851 1813 1175 1904 ἐξώτερον
1227 1840 1342 1903 pro
1391 1814 1470 1884 τὸ
1523 1821 1655 1903 πῦρ
1708 1813 1786 1885 τὸ
1830 1814 2130 1896 αἰώνιον,
2188 1817 2257 1902 3)
2306 1811 2348 1882 3
2387 1811 2737 1903 ἡτοίμασεν

429 1933 467 2005 3
509 1934 724 2025 πατήρ
770 1960 887 2024 pro
930 1934 1009 2004 τὸ
1052 1934 1547 2024 ἡτοιμασμένον.
1640 1937 1772 2004 Sed
1817 1939 2019 2005 verba
2059 1931 2337 2023 ὑπάγετε
2382 1943 2447 2003 et
2492 1930 2534 2004 3
2574 1931 2738 2023 ἡτοί-

426 2074 630 2142 μασεν
676 2079 713 2125 e
758 2060 971 2143 priseo
1017 2058 1343 2144 evangelii
1387 2057 1703 2124 Matthaei
1745 2065 1923 2124 textu
1967 2059 2310 2144 desumpta
2338 2077 2486 2123 esse
2517 2076 2733 2142 posse,

429 2176 632 2244 codex
668 2178 1014 2245 Sinaitious
1048 2176 1149 2264 (n)
1185 2184 1250 2243 et
1283 2178 1839 2262 Cantabrigiensis
1872 2176 2011 2263 (D),
2042 2178 2257 2243 Latini
2288 2177 2731 2261 antiquissimi,
2804 2181 2816 2189 '

427 2300 733 2365 Irenaeus
778 2305 844 2365 et
889 2300 1208 2383 Origenes
1252 2298 1725 2364 testificantur.¹
1809 2301 2083 2364 Restant
2119 2297 2314 2382 igitur
2353 2297 2497 2365 sola
2533 2300 2736 2363 verba

431 2413 506 2483 τὸ
551 2412 784 2495 σκότος
825 2415 905 2485 τὸ
951 2415 1296 2503 ἐξώτερον,
1354 2418 1435 2485 de
1496 2439 1624 2504 qua
1674 2418 1970 2485 lectionis
2025 2417 2341 2484 varietate
2387 2425 2734 2504 antequam

424 2536 732 2623 judicium
777 2540 1089 2605 faciamus
1138 2540 1334 2604 aliam
1380 2538 1883 2625 discrepantiam
1931 2537 2355 2624 contemplari
2386 2537 2596 2622 juvat.

599 2660 880 2725 Effatum
925 2660 1109 2742 illud,
1167 2659 1337 2743 quod
1389 2660 1457 2725 in
1513 2660 1868 2745 evangeliis
1921 2658 2274 2745 synoptiois
2327 2658 2607 2725 maxime
2654 2659 2740 2725 ad

434 2779 913 2846 similitudinem
956 2780 1234 2847 Joannei
1267 2780 1544 2864 aceedit,
1578 2786 1793 2845 Matth.
1829 2782 1943 2865 XI,
1976 2784 2057 2844 27
2089 2780 2182 2845 ita
2208 2780 2464 2864 legitur:
2508 2776 2741 2847 Πάντα

434 2921 544 2982 μοι
597 2897 940 2986 παρεδόθη
992 2894 1125 2967 ὑπὸ
1179 2903 1298 2967 τοῦ
1348 2896 1596 2984 πατρός
1659 2922 1811 2985 μου,
1877 2901 1989 2965 καὶ
2048 2892 2259 2977 οὐδεὶς
2322 2896 2737 2984 ἐπιγινώσκει

436 3013 553 3084 τὸν
599 3015 748 3085 υἱὸν
800 3019 857 3086 εἰ
911 3017 999 3106 μὴ
1057 3014 1095 3086 3
1147 3017 1390 3107 πατὴρ,
1453 3013 1607 3086 οὐδὲ
1672 3015 1794 3086 τὸν
1854 3019 2107 3104 πατέρα
2166 3042 2266 3095 τις
2320 3015 2733 3104 ἐπιγινώσκει

435 3136 489 3202 εἰ
528 3134 616 3224 μὴ
662 3132 700 3205 3
743 3135 885 3216 υἱὸς
926 3142 1038 3206 καὶ
1083 3129 1141 3225 ᾧ
1189 3136 1304 3205 ἐὰν
1354 3135 1669 3225 βούληται
1712 3132 1751 3205 3
1795 3136 1936 3216 υἱὸς
1992 3133 2432 3222 α’ποκαλύψαι.
2531 3140 2736 3206 Aliter

437 3259 606 3343 apud
648 3264 975 3338 Justinum,
1028 3266 1196 3340 Apol.
1220 3262 1275 3345 Ι,
1314 3264 1393 3324 63
1435 3261 1561 3327 bis:
1621 3253 1834 3336 οὐδεὶς
1877 3257 2048 3344 ἔγνω
2091 3255 2212 3325 τὸν
2254 3259 2507 3343 πατέρα
2550 3260 2608 3325 εἰ
2648 3257 2735 3347 μὴ

439 3371 475 3443 3
528 3374 666 3456 υἱὸς
723 3372 876 3445 οὐδὲ
925 3376 1046 3447 τὸν
1096 3376 1244 3456 υἱὸν
1295 3379 1353 3447 εἰ
1402 3376 1490 3466 μὴ
1535 3373 1573 3447 3
1617 3375 1834 3465 πατὴρ
1889 3380 2001 3444 καὶ
2044 3372 2142 3454 οἷς
2196 3371 2280 3443 ἂν
2336 3371 2735 3464 α’ποκαλύψῃ

438 3489 474 3561 3
528 3493 683 3575 υἱός.
792 3500 879 3565 Et
925 3500 1246 3566 simillime
1292 3504 1464 3565 Hom.
1503 3504 1677 3565 Clem.
1708 3498 1944 3582 XVIII,
1982 3501 2089 3563 13:
2146 3490 2360 3574 ου’δεὶς
2402 3495 2573 3582 ἔγνω
2616 3495 2739 3565 τὸν

438 3615 683 3701 πατέρα
738 3617 796 3682 εἰ
843 3614 931 3705 μὴ
988 3611 1025 3685 3
1079 3615 1244 3698 υἱός,
1307 3614 1402 3696 ώς
1464 3612 1617 3684 οὐδὲ
1681 3615 1804 3685 τὸν
1858 3612 2006 3683 υἱόν
2061 3642 2159 3695 τις
2214 3614 2394 3683 οἶδεν
2445 3617 2503 3682 εἰ
2552 3614 2641 3704 μὴ
2700 3612 2738 3685 3

440 3731 673 3822 πατὴρ,
737 3738 850 3803 καὶ
910 3733 1008 3816 οἷς
1071 3727 1154 3803 ἂν
1215 3734 1527 3827 βούληται
1578 3733 1616 3804 3
1672 3734 1813 3816 υἱὸς
1865 3731 2305 3821 ἀποκαλύψαι.
2402 3737 2541 3804 Hoe
2592 3739 2736 3805 loeo

435 3853 713 3921 Justinus
759 3877 901 3923 oum
948 3859 1363 3927 Clementinis
1407 3861 1473 3925 in
1521 3860 1760 3926 aoristo
1806 3858 1979 3944 ἔγνω
2024 3867 2089 3925 et
2128 3858 2198 3924 in
2236 3860 2738 3946 transpositione

447 3978 895 4045 sententiarum
943 4001 984 4045 a
1028 3985 1205 4046 textu
1251 3981 1566 4047 Matthaei
1616 3980 1802 4048 nobis
1855 3979 2091 4046 tradito
2145 3980 2434 4047 discedit.
2517 3981 2740 4066 Neque

447 4098 657 4162 tamen
699 4098 850 4165 inde
895 4100 1208 4186 sequitur,
1256 4121 1370 4168 eos
1418 4100 1836 4167 communiter
1881 4100 2224 4185 evangelio
2271 4099 2547 4185 quodam
2593 4121 2744 4186 apo-

579 4355 598 4395 1
646 4355 751 4413 Cfr.
798 4360 1300 4430 Tischendorfii
1334 4356 1621 4415 editionem
1656 4357 1720 4412 N.
1751 4356 1812 4413 T.
1839 4354 1981 4411 VIII.
2019 4355 2089 4410 ad
2123 4356 2231 4411 h.l.

2296 4460 2327 4510 6
