3264 5076
1464 417 1546 490 77

351 638 723 723 ἄνθρωπος
766 639 873 707 διὰ
917 645 1033 728 τῆς
1073 643 1420 727 παρθένου
1461 639 1829 728 γενόμενος,
1874 637 1970 717 ὠς
2014 634 2147 707 α’πό
2195 643 2336 707 τῶν
2379 634 2666 723 ἀπομνη-

348 757 788 848 μονευμάτων
831 757 1181 846 ἐμάθομεν,
1224 758 1676 848 προεδήλωσα.
1745 763 1912 827 Nam
1959 763 2162 827 verba
2207 755 2302 835 ὠς
2345 753 2476 824 α’πό
2521 762 2661 823 τῶν

347 875 1046 966 ἀπομνημονευμάτων
1101 877 1433 966 ἐμάθομεν
1489 880 1574 946 ad
1632 880 2092 947 assumtionem
2151 887 2395 945 tantum
2455 878 2667 943 earnis

354 1021 438 1066 ex
484 1008 667 1066 utero
713 1000 982 1083 virginis
1029 999 1264 1087 saetam
1309 1001 1550 1067 referre
1594 1007 1694 1067 est
1722 1019 1900 1066 mere
1932 1000 2352 1064 arbitrarium.
2434 997 2667 1076 Quam-

351 1121 573 1187 obrem
620 1119 815 1184 etiam
858 1121 1158 1185 Keimius¹
1216 1126 1281 1185 et
1323 1121 1798 1185 Holtzmannus²
1850 1119 2164 1186 Justinum
2213 1122 2439 1202 quarto
2472 1138 2668 1185 evan·

351 1240 523 1322 gelio
567 1259 754 1305 nsum
801 1259 948 1304 esse
996 1237 1375 1305 concedunt.

518 1361 622 1424 Ex
676 1357 778 1423 his
824 1378 993 1440 quae
1038 1357 1314 1423 diximus
1361 1358 1655 1442 efficitur,
1714 1356 1797 1424 τὰ
1843 1353 2480 1444 α’πομι.ἠμονεύματα
2526 1361 2666 1423 τῶν

349 1473 773 1561 ἀποστόλων,
818 1498 986 1561 quae
1030 1480 1071 1543 J
1075 1478 1319 1543 ustinus
1368 1477 1641 1563 allegat,
1672 1487 1942 1559 quatuor
1974 1479 2324 1561 evangelia
2356 1479 2667 1544 canoniea

350 1597 766 1662 continuisse.
873 1596 1004 1663 Sed
1063 1617 1141 1662 eo
1190 1598 1332 1682 jam
1390 1596 1861 1683 progredimur,
1918 1603 1988 1661 ut
2047 1602 2202 1661 haec
2254 1601 2664 1662 memorabilia

351 1727 409 1780 et
450 1722 755 1782 canonica
799 1722 1115 1795 evanqelia
1159 1723 1369 1781 eadem
1414 1737 1542 1781 esse
1586 1717 2007 1801 affirmemus,
2057 1738 2139 1783 ea
2180 1716 2264 1782 de
2290 1737 2361 1782 re
2395 1736 2660 1782 eonsen-

348 1837 582 1903 tientes
615 1856 755 1900 eum
785 1839 1090 1913 Wineross,
1127 1838 1581 1914 Olshauseniffl,
1605 1844 1684 1902 de
1706 1840 1976 1914 Wetti05,
2010 1840 2274 1916 Huqioss,
2316 1841 2661 1911 SemischiO,

347 1961 706 2034 Luthardm,
753 1956 919 2021 aliis.
1011 1957 1363 2041 Regeritur‚
1409 1978 1450 2021 a
1490 1957 1747 2024 Justino
1791 1977 1873 2023 ne
1908 1959 2110 2023 semel
2144 1956 2398 2040 quidem
2428 1975 2660 2020 nomen

346 2075 539 2142 ullius
594 2083 866 2159 quatuor
918 2075 1458 2158 evangelistarum
1522 2077 1870 2153 nominari,
1937 2096 2322 2159 quamquam
2375 2075 2442 2140 in
2503 2074 2661 2140 alle-

349 2193 584 2279 gandis
629 2195 882 2261 Veteris
929 2197 1329 2261 Testamenti
1387 2195 1544 2261 loeis
1589 2197 1916 2262 rarissime
1972 2204 2083 2262 aut
2129 2204 2298 2262 eerte
2344 2216 2472 2260 non
2519 2214 2662 2260 eon-

346 2321 594 2381 stanter
637 2316 903 2380 nomina
959 2322 1287 2380 auctorum
1332 2316 1577 2381 omissa
1628 2315 1759 2380 sint
1810 2326 1875 2382 et
1931 2316 2221 2382 Justinus
2276 2315 2480 2381 semel
2524 2319 2662 2378 tan·

345 2440 476 2500 tum
520 2433 968 2520 Apocalypsin
1014 2436 1292 2501 afferens
1322 2455 1556 2501 nomen
1587 2435 1861 2500 Joannis
1891 2435 2141 2501 addat.⁷
2229 2434 2360 2500 Sed
2388 2434 2660 2519 primum

348 2560 628 2641 eonstat,
690 2563 910 2639 patres
970 2555 1289 2622 ecelesiae
1335 2557 1532 2634 libros
1583 2557 1751 2624 Novi
1805 2557 2207 2621 Testamenti
2265 2557 2462 2623 multo
2519 2574 2661 2620 sae-

352 2673 497 2758 pius
557 2695 751 2758 quam
807 2675 1002 2740 libros
1060 2676 1310 2741 Veteris
1364 2682 1558 2760 atque
1613 2676 1924 2763 imprimis
1988 2676 2335 2760 evangelia
2396 2674 2662 2739 nomini-

354 2794 469 2858 bus
525 2799 853 2861 auctorum
910 2794 1165 2861 omissis
1231 2794 1520 2880 allegare
1588 2796 1815 2862 solere.
1838 2796 1863 2836 8
1975 2795 2230 2861 Deinde
2298 2794 2662 2859 omissionis

351 2918 679 2979 auctorum
735 2912 1053 2979 sufficiens
1115 2935 1313 2980 eausa
1376 2914 1541 2982 haee
1603 2936 1748 2982 esse
1803 2915 1960 2980 mihi
2003 2913 2282 2997 videtur,
2342 2913 2512 2998 quod
2555 2915 2664 2980 Ju-

354 3035 518 3097 stino
579 3033 1025 3099 memorabilia
1096 3035 1528 3120 apostolorum
1593 3056 1756 3101 unus
1819 3035 2005 3118 quasi
2069 3036 2258 3113 liber,
2321 3054 2454 3100 una
2508 3034 2664 3099 Jesu

491 3256 511 3295 1
565 3256 865 3309 Geschichte
899 3257 1030 3309 Jesu
1065 3275 1160 3310 von
1195 3258 1416 3311 Nazara
1452 3257 1493 3322 1,
1523 3260 1697 3325 p7.137
1727 3273 1841 3326 sqq.

485 3340 511 3380 2
561 3340 612 3394 S.
640 3357 686 3394 v,
723 3342 1063 3411 Evanyelium
1107 3344 1244 3396 nach
1278 3343 1563 3397 Johannes.
1635 3344 2025 3398 Schenkelz‘i
2068 3347 2436 3398 Bibcllexilcon.
2509 3343 2571 3396 T.
2596 3341 2664 3408 11,

263 3499 267 3510 ι
357 3440 406 3492 p.
431 3428 530 3479 222
555 3442 634 3494 sq.

490 3511 518 3552 3
568 3510 840 3565 Justinnm
890 3512 1190 3581 Martyrum
1246 3512 1537 3581 evangeliis
1594 3513 1866 3568 canonicis
1921 3530 2072 3568 usum
2131 3515 2294 3567 fuisse
2350 3512 2667 3568 ostenditur.

360 3592 499 3662 Lips.
538 3597 688 3651 1819.

483 3681 507 3721 ⁴
549 3683 652 3736 Die
690 3685 952 3738 Aechtheit
999 3687 1092 3738 der
1127 3686 1159 3737 4
1195 3686 1545 3739 kanonischen
1579 3686 1898 3755 Evanyelien
1944 3704 2041 3739 aus
2086 3690 2179 3741 der
2231 3688 2533 3740 Geschiclzte
2578 3691 2670 3741 der

360 3767 392 3817 2
426 3777 590 3823 ersten
625 3769 1011 3823 Jahrhunderte
1045 3774 1298 3825 enviesen.
1370 3786 1422 3838 p.
1446 3772 1736 3824 286-335.

489 3857 514 3893 ⁵
560 3856 830 3909 Lehrbuch
855 3860 947 3909 der
971 3858 1246 3911 historisch
1272 3858 1554 3910 lcritischen
1581 3856 1884 3926 Einleituny
1908 3859 1964 3909 in
1987 3861 2070 3911 die
2094 3860 2442 3912 kanonischen
2463 3860 2671 3913 Baetae,-

368 3941 452 3990 des
486 3940 557 3993 N.
593 3942 651 3994 T.
714 3938 798 3993 ed.
824 3940 887 3994 V.
943 3942 1092 3994 1848.
1138 3958 1191 4009 p.
1221 3943 1317 3993 105
1341 3957 1457 4009 sqq.

492 4024 517 4064 ⁶
559 4026 860 4095 Einleituny
893 4029 950 4079 in
985 4030 1070 4080 die
1103 4027 1368 4096 Schriften
1406 4032 1497 4081 cles
1534 4030 1608 4082 N.
1645 4030 1703 4082 T.
1764 4027 1844 4082 ed.
1874 4029 1964 4081 IV.
2018 4030 2161 4082 1847.
2222 4027 2290 4094 11,
2320 4044 2372 4096 p.
2396 4030 2462 4080 92
2486 4043 2602 4097 sqq.

494 4108 515 4147 7
559 4111 707 4164 Dial.
734 4129 776 4165 c,
811 4112 898 4164 Tr.
937 4126 982 4164 e.
1007 4112 1091 4177 81,
1128 4128 1179 4179 p.
1206 4113 1334 4165 278:
1374 4109 1514 4182 ἀνήρ
1551 4131 1649 4178 τις,
1689 4103 1731 4188 ᾧ
1769 4111 1939 4185 ὄνομα
1967 4110 2238 4181 Ἰωάννης,
2276 4105 2358 4170 εἷς
2392 4114 2508 4167 τῶν
2544 4111 2674 4167 ἁπο-

372 4186 569 4245 στὸλων
608 4198 704 4248 τοῦ
741 4196 1014 4263 Χριστοῦ,
1063 4191 1125 4248 ἐν
1171 4193 1520 4263 ἀποκαλύψει
1564 4198 1843 4272 γενομένῃ
1893 4198 2038 4275 αὐτῷ
2083 4200 2486 4270 προεφήτευσε.
2561 4200 2671 4255 cfr.

372 4276 827 4350 Schweylerum
860 4281 895 4335 l.
923 4298 968 4335 c.
1002 4298 1055 4350 p.
1081 4283 1196 4336 227.

498 4366 522 4406 8
568 4365 674 4423 Cfr.
712 4368 1144 4423 Semischium
1174 4384 1228 4437 p.
1253 4370 1475 4426 84—86.
