3264 5076
1569 373 1659 445 50

455 604 637 691 gistri
674 603 798 668 hac
828 600 911 667 de
943 619 1011 665 re
1049 599 1405 666 doctrinam
1436 619 1565 665 non
1595 596 1998 683 repudiasse.
2055 601 2157 665 De
2190 602 2516 677 Theophila
2553 603 2766 663 autem

453 723 625 789 idem
683 721 898 786 dicere
951 739 1079 784 non
1135 718 1465 785 audemus.
1554 720 1720 784 Nam
1777 740 1908 786 non
1963 739 2189 786 omnes
2236 718 2618 785 christianos
2665 719 2772 783 Ju-

457 843 625 910 stino
673 847 738 908 et
781 837 1244 921 Athenagorae
1291 838 1722 925 adstipulatos
1753 860 1918 921 csse,
1964 838 2119 904 inde
2165 839 2388 917 elucet,
2433 836 2605 922 quod
2636 843 2769 903 Mil·

460 966 654 1027 uades
699 960 1076 1044 apolog-eta,
1133 958 1239 1041 qui
1292 956 1523 1024 eadem
1570 964 1788 1024 aetate
1833 958 2134 1045 florebat,
2188 958 2415 1026 librum
2460 960 2611 1043 περὶ
2651 960 2771 1023 τοῦ

458 1078 544 1168 μὴ
591 1082 728 1147 δεῖν
770 1073 1123 1163 προφήτην
1168 1075 1241 1142 ἐν
1271 1072 1564 1143 ἐκστάσει
1608 1080 1833 1143 λαλεῖν
1864 1078 2268 1163 conscripsit¹
2329 1078 2596 1162 ejusque
2626 1097 2770 1144 sen·

455 1201 721 1269 tentiam
767 1196 1077 1283 paulatim
1126 1216 1168 1262 a
1212 1203 1347 1261 tota
1399 1197 1677 1262 ecclesia
1728 1205 2053 1283 receptam
2109 1217 2256 1264 esse
2314 1197 2460 1264 libri
2515 1204 2768 1282 patrum

457 1322 616 1388 satis
662 1317 1157 1387 demonstrant.²

655 1437 1005 1504 Manticam
1080 1436 1259 1502 illam
1331 1435 1773 1521 inspirationis
1846 1437 2173 1506 notionem
2246 1458 2329 1505 ex
2392 1437 2771 1506 ethnicismo

457 1563 757 1627 haustam
803 1575 949 1623 esse
982 1556 1128 1640 jam
1174 1575 1372 1640 supra
1426 1559 2081 1624 commemoravimus.
2172 1564 2593 1638 Schmeqlerus
2637 1560 2768 1643 qui-

458 1682 607 1747 dem
654 1678 978 1763 opinatur,
1035 1683 1166 1742 tum
1211 1673 1549 1741 Philonem
1606 1682 1737 1741 tum
1786 1679 2169 1763 apologetas
2231 1687 2296 1745 et
2340 1681 2768 1746 Montanistas

458 1822 606 1869 eam
662 1820 744 1865 ex
795 1795 1130 1864 Judaismo
1185 1802 1506 1861 mutuatos
1562 1816 1711 1863 csse
1765 1797 1866 1863 vel
1921 1798 2132 1883 potius
2188 1817 2271 1863 ex
2325 1799 2769 1879 EbionitismO,

459 1922 558 1988 cui
601 1926 801 1986 totam
846 1918 1124 2003 priscam
1171 1915 1510 1983 ecclesiam
1557 1915 1885 1983 addictam
1930 1918 2126 1984 fuisse
2157 1917 2382 1985 schola
2409 1920 2773 2002 Tubingen-

460 2043 549 2108 sis
601 2018 945 2107 contendit.
971 2038 995 2078 ³
1089 2036 1175 2102 At
1217 2041 1900 2112 Pseudo-Clementiam
1955 2057 2341 2120 quamquam
2388 2040 2472 2105 ab
2516 2039 2771 2105 Ebioni-

462 2164 651 2228 tismo
706 2157 1022 2243 profecta,
1076 2155 1372 2240 rejiciunt
1425 2157 1922 2223 Montanismum
1976 2165 2040 2222 et
2093 2159 2446 2241 quamlibet
2490 2160 2773 2225 ecstasin

461 2291 791 2363 tamquam
845 2277 1332 2363 inspirationem
1387 2274 1935 2342 daemoniorum.⁴
2039 2281 2463 2356 Schmeylerus
2516 2279 2772 2363 regerit,

462 2397 1156 2466 Pseudo-Clementina
1189 2401 1478 2480 tempore
1502 2397 1832 2461 nascentis
1867 2397 2185 2462 ecclesiae
2222 2396 2576 2465 catholicae
2596 2400 2775 2465 Mon-

466 2619 674 2687 τιανὸς)
708 2618 1002 2674 Ἰουστίνου
1040 2614 1310 2690 ἀκροατὴς
1346 2615 1663 2691 γενόμενος,
1703 2613 1796 2688 ἐφ’
1836 2617 1966 2671 ὅσον
1997 2617 2107 2690 μὲν
2139 2622 2316 2690 συνῆν
2349 2615 2561 2694 ἐκείνῳ,
2609 2619 2774 2674 οὐδὲν

467 2706 707 2779 ἐξέφηνε
741 2710 999 2760 τοιοῦτον.

607 2797 622 2836 ¹
676 2793 784 2850 Cfr.
822 2795 1168 2847 Eusebium
1204 2791 1255 2845 h.
1282 2806 1328 2845 e.
1367 2791 1430 2856 V,
1464 2793 1540 2846 17.

604 2882 629 2923 2
676 2879 781 2935 Cfr.
818 2881 1323 2942 Tertullianum,
1366 2881 1493 2930 Ado.
1515 2880 1693 2932 Marc.
1718 2876 1808 2944 lv,
1834 2878 1928 2928 22:
1968 2877 2030 2930 In
2056 2877 2249 2945 spiritu
2273 2878 2432 2931 homo
2458 2879 2779 2934 constitutus

470 2983 693 3022 necesse
733 2970 815 3020 est
852 2962 1066 3019 excidat
1097 2978 1282 3029 sensu,
1321 2968 1384 3018 de
1419 2981 1515 3033 quo
1551 2966 1685 3017 inter
1720 2981 1816 3017 nos
1851 2975 1896 3017 et
1939 2965 2212 3032 Roeyckicos
2247 2967 2475 3033 quaestio
2512 2976 2604 3020 est.
2654 2968 2779 3021 Hie·

469 3072 757 3124 rammam,
809 3050 990 3115 Praef.
1027 3052 1083 3103 in
1118 3050 1310 3118 Ετροε.
1346 3050 1535 3118 Iesaj..·
1577 3046 1766 3115 Neque
1801 3065 1956 3115 vero,
2004 3054 2064 3102 ut
2097 3049 2388 3103 Montanus
2424 3066 2543 3104 cum
2578 3051 2780 3106 insanis

468 3139 678 3194 feminis
715 3135 960 3202 somniat,
996 3134 1298 3203 prophetae
1334 3134 1390 3187 in
1427 3133 1620 3188 ecstasi
1659 3139 1782 3187 sunt
1817 3134 1997 3200 locuti,
2035 3140 2095 3188 ut
2117 3135 2403 3202 nescirent,
2442 3136 2570 3204 quid
2595 3136 2780 3205 loque-

469 3229 671 3286 rentur,
702 3227 756 3275 et
780 3238 939 3288 quum
974 3221 1109 3274 alios
1138 3219 1428 3286 erudirent,
1455 3219 1558 3288 ipsi
1580 3220 1909 3287 ignorarent,
1950 3220 2077 3288 quid
2102 3220 2358 3274 dicerent.
2408 3223 2779 3292 Epiphaniam,

473 3312 633 3364 Haer.
658 3306 906 3373 XLVIII,
930 3308 976 3361 ⁶2.
999 3309 1055 3359 3:
1092 3304 1225 3359 Ὅσα
1251 3305 1307 3357 οἱ
1330 3308 1615 3374 προφῆται
1643 3300 1923 3374 εἰρήκασι,
1956 3300 2095 3375 μετὰ
2132 3305 2410 3364 συνέσεως
2443 3309 2783 3377 παρακολου-

469 3398 727 3459 θοῦντες,
774 3390 914 3466 μετὰ
960 3386 1345 3449 καταστάσεως
1381 3392 1647 3462 λογισμοῦ
1685 3391 1778 3443 καὶ
1823 3387 2358 3461 παρακολουθήσεως
2408 3386 2783 3463 ἐφθέγγοντο.

477 3485 837 3547 Athanasium,
867 3480 1232 3532 Comi-,Arion
1253 3477 1392 3532 Orat.
1415 3476 1513 3531 IV:
1551 3474 1653 3545 Mi]
1682 3475 1886 3546 πέσητε
1910 3474 1990 3534 εἷς
2014 3471 2112 3546 τὴν
2145 3475 2389 3547 Φρυγῶν
2405 3481 2784 3551 παρανομίαν,

472 3570 584 3621 τῶν
618 3561 913 3637 λεγόντων,
953 3560 1029 3635 μὴ
1067 3561 1280 3615 εἰδέναι
1317 3559 1443 3619 τοὶ-ς
1479 3557 1772 3633 προφήτας
1802 3558 1940 3635 μήτε
1975 3557 2098 3618 τούς
2124 3560 2317 3620 ἄλλους
2342 3560 2782 3634 διακονήσαντας

470 3651 564 3706 τὸν
599 3647 782 3720 λόγον,
827 3644 962 3720 μήτε
1007 3646 1040 3700 ἃ
1081 3649 1338 3700 ποιοῦσιν
1371 3644 1507 3718 μήτε
1551 3651 1682 3719 περὶ
1727 3651 1897 3701 τίνων
1944 3644 2409 3716 ἀπαγγέλλουσιν.
2488 3650 2783 3721 Chry-rosto-

471 3758 621 3803 mum,
647 3739 797 3792 Hom.
818 3737 1027 3790 XXIX
1053 3738 1108 3788 in
1145 3751 1221 3802 ep.
1247 3738 1319 3787 ad
1349 3733 1489 3787 Con:
1534 3733 1700 3786 Τοῖτο
1738 3731 1846 3802 γὰρ
1880 3731 2129 3805 μάντεως
2153 3732 2303 3785 ἴδιον
2327 3734 2385 3787 τὸ
2408 3729 2781 3805 ἐξεστηκέναι,

477 3821 533 3878 τὺ
579 3818 826 3892 ἀνάγκην
863 3817 1178 3892 ὑπομένειν,
1225 3815 1288 3871 τὸ
1335 3815 1642 3882 ὠθεῖσθαι,
1689 3814 1753 3872 τὸ
1792 3815 2083 3881 ἕλκεσθαι,
2132 3812 2191 3882 τὸ
2237 3815 2543 3889 σύρεσθαι,
2590 3820 2778 3890 ὥσπερ

470 3905 828 3981 μαινόμενον.
903 3904 957 3957 Ὁ
1004 3903 1067 3958 δὲ
1115 3900 1403 3977 προφήτης
1446 3902 1547 3974 οὐχ
1593 3903 1785 3964 οὕτως,
1835 3899 1971 3957 ἀλλὰ
2014 3899 2155 3975 μετὰ
2202 3905 2455 3963 διανοίας
2497 3903 2783 3977 νηφούσης

473 3998 567 4047 καὶ
611 3987 1013 4063 σωφρονούσης
1054 3988 1439 4049 καταστάσεως
1482 3991 1577 4042 καὶ
1621 3984 1809 4054 εἰδὼς,
1858 3989 1892 4042 ἃ
1928 3987 2275 4060 φθέγγεται,
2322 3992 2503 4060 φησὶν
2540 3991 2781 4047 ἅπαντα”

475 4080 613 4134 ὥστε
635 4080 730 4131 καὶ
756 4073 867 4149 πρὸ
888 4079 986 4147 τῆς
1007 4071 1279 4146 ἐκβάσεως
1300 4074 1612 4148 κᾷντεῦθεν
1637 4075 1876 4148 γνώριζε
1900 4073 1995 4129 τὸν
2016 4070 2221 4148 μάντιν
2239 4077 2334 4129 καὶ
2353 4071 2449 4129 τὸν
2469 4075 2779 4150 προφήτην.

609 4166 634 4206 3
678 4165 739 4219 L.
767 4180 810 4218 c.
847 4181 899 4232 p.
929 4165 995 4217 78
1018 4178 1133 4231 sqq.

610 4253 633 4292 4
682 4253 831 4306 Hom.
859 4249 1029 4315 XVII,
1062 4251 1141 4316 14,
1170 4265 1222 4317 p.
1249 4250 1375 4300 373:
1425 4245 1454 4299 ὃ
1491 4244 1798 4317 προφήτης,
1847 4247 1927 4301 ὅτι
1961 4243 2255 4320 προφήτης
2290 4243 2460 4313 ἐστὶν,
2500 4251 2781 4320 πληροφο·

473 4334 648 4406 ρήσας
683 4339 903 4410 πρῶτον
937 4334 1070 4405 περὶ
1107 4337 1219 4387 τῶν
1252 4328 1505 4407 ἐναργῶς
1538 4330 1627 4386 ὕπ’
1658 4330 1821 4387 αὗτοῢ
1857 4333 2191 4412 λεγομένων,
2230 4330 2497 4409 ἀσφαλῶς
2532 4332 2780 4398 πιστεύε·
