3264 5076
1689 407 1776 481 46

560 629 932 697 testimonia
958 631 1053 698 ita
1084 633 1383 718 opponit:
1419 627 1632 721 Ἡμεῖς
1674 633 1745 701 δὲ
1784 621 1888 700 ὦν
1915 632 2198 717 νοοῦμεν
2220 631 2332 697 καὶ
2359 623 2880 713 πεπιστεύκαμεν

559 747 793 834 ἔχομεν
834 746 1180 838 προφήτας
1221 747 1579 837 μάρτυρας,
1622 753 1691 820 οἳ
1729 747 2049 837 πνεύματι
2103 748 2323 835 ἐνθέῳ
2369 743 2895 834 ἐκπεφωνήκασι.

559 870 671 935 καὶ
712 842 872 954 περὶι
903 871 1023 936 τοῦ
1066 873 1231 937 θεοῦ
1273 872 1386 938 καὶ
1425 873 1576 957 περὶ
1617 875 1759 938 τῶν
1801 873 1922 938 τοῦ
1964 871 2145 937 θεοῦ.
2225 869 2501 937 Εἴποιτε
2545 862 2605 935 ‹5‘
2637 862 2723 934 ἂν
2765 868 2879 933 καὶ

557 982 758 1073 ὑμεῖς,
804 989 1056 1057 συνέσει
1097 992 1210 1057 καὶ
1246 993 1328 1075 τῇ
1363 992 1514 1076 περὶ
1554 987 1635 1058 τὸ
1656 984 1873 1070 ὄντως
1900 996 2092 1057 θετον
2121 983 2408 1078 εὐσεβείᾳ
2435 984 2591 1065 τοὺς
2628 980 2872 1062 ἄλλους

559 1100 989 1192 προῦχοντες,
1035 1103 1130 1188 ῶς
1161 1109 1339 1177 ἔστιν
1373 1104 1621 1196 ἄλογον
1647 1103 2143 1195 παραλιπόντας
2169 1102 2496 1175 πιστεύειν
2533 1109 2641 1191 τῶ
2670 1101 2878 1190 παρὰ

558 1228 704 1292 τοῦ
770 1230 964 1294 θεοῦ
1030 1225 1449 1315 πνεύματι,
1516 1224 1622 1309 ῶς
1684 1223 1983 1315 ὄργανα
2046 1222 2512 1314 κεκινηκότι
2574 1221 2665 1291 τὰ
2715 1226 2874 1290 τῶν

556 1350 988 1434 προφητῶν
1031 1345 1403 1435 στόματα,
1454 1350 1803 1434 προσέχειν
1846 1343 2068 1430 δόξαις
2110 1340 2619 1432 ἀνθρωπίναις.ι
2712 1344 2875 1412 Fue-

557 1472 705 1530 runt
754 1465 1042 1554 quidem,
1103 1470 1229 1554 qni·
1262 1467 1390 1541 hac
1439 1487 1693 1553 quoque
1745 1467 2029 1553 imagine
2084 1465 2417 1553 prophetis
2473 1461 2874 1532 solummodo

558 1604 811 1651 omnem
878 1587 1399 1673 cooperationem
1459 1586 1547 1654 ad
1618 1587 2049 1656 revelationes
2123 1586 2261 1653 sive
2323 1585 2678 1653 formaliter
2732 1583 2874 1651 sive

559 1705 978 1772 materialiter
1018 1705 1531 1792 conformandae,
1575 1708 1839 1775 minime
1874 1726 2030 1775 vero
2069 1704 2397 1794 propriam
2424 1711 2703 1773 mentem
2733 1723 2877 1792 pro·

562 1823 853 1909 priamve
891 1827 1290 1896 voluntatem
1337 1827 1690 1908 abjudicari
1729 1827 2202 1914 opinarentur.²
2281 1826 2367 1895 At
2406 1826 2517 1893 vix
2554 1830 2748 1891 recte.

725 1950 989 2012 bimum
1024 1948 1194 2013 enim
1232 1947 1557 2034 significat
1594 1947 1814 2032 imago
1842 1946 1960 2014 illa
1987 1945 2304 2013 Philonea
2335 1944 2439 2025 (cf.
2465 1938 2646 2012 locos
2677 1961 2875 2029 supra

556 2062 887 2152 laudatos)
921 2065 1410 2154 inspirationem
1440 2067 1808 2134 manticam.
1862 2070 2139 2132 lustinus
2170 2071 2383 2133 antem
2422 2069 2714 2148 testatur,
2742 2081 2874 2129 non

551 2183 809 2269 ignotos
854 2184 978 2252 sibi
1025 2206 1171 2254 esse
1218 2186 1507 2257 Philonis
1549 2189 1671 2254 τοῦ
1715 2181 2113 2269 σοφωτάτου
2157 2185 2414 2252 libros.³

724 2288 958 2370 Deinde
985 2305 1227 2373 diserte
1273 2307 1603 2377 contendit
1631 2311 2058 2385 Athenaaoras
2101 2303 2229 2371 alio
2274 2304 2439 2387 loco,
2485 2322 2611 2386 quo
2641 2301 2870 2368 eadem

551 2421 839 2508 imagine
890 2425 1112 2512 utitur,
1182 2446 1405 2499 omnes
1457 2425 1810 2512 prophetas
1873 2430 1936 2491 in
1991 2429 2211 2491 ecstasi
2259 2424 2540 2509 impulsu
2597 2420 2871 2507 Spiritus

552 2540 753 2609 divini
806 2565 973 2631 quae
1025 2547 1186 2633 ipsis
1237 2547 1703 2634 inspirarentur
1745 2546 1991 2614 locutos
2037 2565 2206 2614 esse.
2302 2537 2473 2612 Ἐπεὶ
2515 2542 2607 2621 δέ,
2649 2540 2874 2628 inquit,

555 2660 623 2729 αἱ
666 2666 891 2747 φωναὶ
931 2672 1078 2733 τῶν
1126 2668 1497 2755 προφητῶν
1547 2667 1892 2733 πιστοῦσιν
1931 2659 2125 2753 ἡμῶν
2164 2659 2319 2742 τοῦς
2361 2658 2710 2749 λογισμοὺς
2742 2665 2874 2741 (νο-

550 2783 721 2867 μέζω
764 2784 877 2850 καὶ
919 2778 1127 2871 ὑμεῖς,
1171 2781 1782 2872 φιλομαθεστάτους
1816 2786 1930 2853 καὶ
1960 2778 2626 2872 ἐπιστημονεστάτους
2652 2773 2868 2859 ὄντας,

560 2894 684 2967 οὐκ
755 2895 1077 2990 α’νοήτους
1142 2906 1503 2992 γεγονέναι,
1579 2898 1758 2972 ου”τε
1823 2906 1985 2972 τῶν
2049 2903 2398 2980 Μωσέως
2467 2895 2644 2968 οὔτε
2708 2902 2869 2967 τῶν

554 3013 858 3088 Ἡσαΐου
913 3025 1043 3091 καὶ
1088 3018 1449 3111 Ἱερεμίου
1502 3027 1631 3092 καὶ
1694 3027 1855 3092 τῶν
1912 3025 2212 3090 λοιπῶν
2265 3024 2734 3109 προφητῶν,
2792 3020 2869 3087 οἳ

548 3134 708 3208 κατ’
772 3139 1139 3213 ἔκστασιν
1215 3146 1376 3212 τῶν
1443 3143 1526 3213 ἐν
1582 3138 1852 3224 αὐτοῖς
1915 3144 2314 3230 λογισμῶν
2387 3135 2870 3229 κινήσαντος

551 3251 835 3339 αὐτοὺς
891 3266 1033 3330 τοῦ
1082 3266 1314 3333 θείου
1364 3260 1810 3352 πνεύματος
1854 3259 1899 3331 ἃ
1943 3261 2429 3349 ἐνηργοῦντο
2472 3255 2866 3346 ἐξεφώνη-

552 3396 717 3459 σαν,
763 3383 1410 3471 συγχρησαμένου
1440 3385 1579 3451 τοῦ
1619 3377 2066 3470 πνεύματος
2108 3374 2300 3452 ὡσεὶ
2350 3381 2482 3447 καὶ
2524 3374 2866 3467 αὐλητὴς

551 3492 800 3567 αὐλὸν
856 3499 1338 3591 ἐμπνεύσαι),
1390 3505 1456 3569 τί
1497 3491 1622 3569 οὖν
1666 3491 1913 3584 οὗτοις4

690 3760 708 3798 ¹
755 3759 937 3830 Suppl.
964 3776 1068 3829 pro
1108 3760 1226 3816 Chr.
1264 3777 1308 3816 c.
1337 3764 1384 3828 7,
1421 3776 1474 3829 p.
1500 3761 1584 3816 36.

688 3844 712 3883 ²
761 3843 867 3898 Cfr.
905 3846 1418 3902 Rudelbachium
1452 3846 1487 3901 l.
1514 3861 1558 3900 c.
1593 3862 1649 3915 p.
1674 3847 1757 3900 2¹1.
1817 3847 2155 3907 Meierum‚
2190 3844 2463 3898 Lchrbuch
2499 3845 2592 3897 cler
2615 3843 2877 3912 Doqmen·

548 3932 848 3998 yeschichte.
908 3930 992 3988 ed.
1018 3931 1071 3986 11
1104 3948 1140 3987 a
1179 3934 1472 3990 Gustavo
1509 3933 1757 3987 Baurio
1795 3935 1985 3985 curata
2016 3946 2070 3999 p.
2098 3930 2179 3983 68.

689 4016 714 4055 ³
765 4016 884 4072 0071.
921 4020 995 4072 ad
1036 4021 1131 4075 Gr.
1168 4033 1214 4074 e.
1240 4022 1288 4073 9.
1320 4021 1396 4073 10.
1427 4019 1503 4072 13.

673 4101 712 4159 ‚⁴
762 4102 817 4156 0.
850 4101 958 4169 lx,
1003 4119 1056 4171 p.
1091 4106 1175 4159 42.
1254 4103 1377 4158 Non
1424 4103 1598 4158 minus
1641 4118 1676 4157 a
1716 4101 1932 4157 Justino
1975 4106 2174 4156 statum
2226 4099 2604 4172 propheticum
2656 4099 2871 4156 omnino

551 4185 866 4240 ecstaticum
898 4189 1111 4256 putari,
1149 4190 1546 4246 Semischius
1584 4189 1641 4253 (l.
1668 4204 1713 4243 c.
1739 4187 1809 4255 ΙΙ,
1835 4205 1892 4258 p.
1924 4189 2011 4253 17)
2049 4187 2212 4242 etiam
2236 4185 2357 4240 loco
2393 4184 2486 4239 illo
2520 4187 2670 4242 Dial.
2701 4204 2745 4240 c.
2780 4187 2871 4241 Tr.

548 4287 594 4326 c.
623 4273 739 4340 115,
784 4289 838 4342 p.
865 4275 964 4327 382
1001 4272 1070 4329 de
1102 4274 1308 4329 visione
1335 4274 1635 4341 Sacharjae
1671 4273 1794 4340 (111,
1824 4276 1852 4326 1
1878 4278 2017 4342 sqq.)
2054 4271 2291 4342 probare
2326 4275 2579 4325 conatur:
2619 4266 2715 4325 τὸν
2754 4268 2874 4324 διά-

547 4359 711 4426 βολον
754 4360 851 4417 καὶ
909 4355 1007 4415 τὸν
1053 4361 1147 4415 τοῦ
1201 4361 1393 4434 κυρίου
1447 4358 1689 4433 ἄγγελον
1743 4355 1858 4415 οῦκ
1919 4354 2249 4430 αῦτοψίςι,
2316 4351 2390 4409 ἐν
2444 4352 2871 4412 καταστάσει
