3264 5076
1607 410 1698 487 88

490 635 835 723 evangelia
892 636 1073 705 libris
1117 638 1372 706 Veteris
1418 641 1820 709 Testamenti
1866 642 2360 728 aequiparasse,
2417 647 2802 727 exspectare

489 756 825 843 debemus,
867 758 1191 823 Justinum
1233 760 1681 827 memorabilia
1721 761 2155 848 apostolorum
2195 761 2423 828 eodem
2453 763 2593 828 loco
2623 762 2802 829 habi-

488 883 696 942 turum
750 896 919 945 esse.
1016 877 1391 967 Videamus,
1452 880 1835 964 quibusnam
1890 881 2288 966 argumentis
2342 881 2633 967 plerique
2678 881 2802 948 hoc

485 998 892 1082 negaverint:
1531 1072 1536 1081 ⁸

661 1115 728 1204 1)
781 1123 1125 1183 credun-us
1151 1117 1327 1203 dicit,
1355 1138 1591 1186 nornen
1622 1114 2316 1207 ἀπομνημονευμάτων
2346 1124 2486 1187 τῶν
2515 1114 2797 1188 ἀποστό-

484 1242 627 1304 λων
685 1238 1212 1324 compositionem
1269 1240 1755 1323 evangeliorum
1807 1261 1937 1306 non
1990 1240 2078 1306 ad
2136 1238 2424 1307 divinum
2472 1241 2796 1328 Spiritum,

487 1357 605 1423 sed
651 1357 734 1423 ad
781 1358 987 1425 solam
1015 1357 1529 1426 recordationem
1566 1361 2004 1445 apostolorum
2034 1361 2303 1447 referre,
2335 1362 2506 1445 quod
2538 1360 2793 1444 quidem

483 1498 720 1544 nomen
766 1479 1065 1563 abrogari
1111 1481 1484 1566 oportuerit,
1529 1500 1721 1563 quum
1753 1481 2102 1565 evangelia
2131 1480 2576 1547 auctoritatem
2608 1500 2795 1547 cano-

483 1597 695 1664 nicam
752 1598 1320 1665 nanciscerentur.¹
1433 1597 1566 1666 Sed
1620 1599 1790 1666 hunc
1846 1601 2326 1686 evangeliorum
2373 1600 2619 1666 titulum
2663 1620 2793 1666 non

484 1717 803 1784 ecclesiae
865 1737 1292 1805 communem,
1346 1718 1465 1786 sed
1517 1720 1754 1786 Justini
1810 1720 2139 1806 proprium
2193 1720 2424 1808 fuisse,
2486 1719 2591 1787 hic
2646 1720 2792 1806 ipsc

482 1837 636 1904 dicit
687 1843 855 1917 Apol.
881 1841 931 1923 I,
969 1842 1072 1922 66,
1115 1861 1179 1924 p.
1207 1841 1360 1905 268:
1415 1835 1478 1904 οἱ
1537 1836 1662 1925 γὰρ
1716 1833 2075 1907 ἀπόστολοι
2120 1839 2193 1906 ἐν
2235 1853 2377 1918 τοῖς
2413 1840 2793 1926 γενομένοις

477 1950 589 2024 ὑπ’
646 1951 870 2023 αὐτῶν
927 1950 1757 2045 ἀπομνημονεύμασιν,
1822 1954 1870 2024 ἃ
1930 1963 2289 2025 καλεῖται
2359 1952 2788 2045 εὐαγγέλια.

478 2077 797 2163 Justinus,
853 2075 1307 2163 philosophiae
1363 2078 1743 2145 Platonicae
1786 2079 2174 2165 discipulus,
2218 2098 2457 2146 nomen
2499 2078 2659 2143 illud
2703 2077 2790 2143 ad

478 2195 958 2263 similitudinem
1027 2197 1540 2264 memorabilium
1596 2198 1881 2264 Socratis
1934 2198 2550 2286 Xenophonteorum
2601 2198 2788 2264 finxit

481 2323 547 2383 et
588 2317 830 2382 nomini
871 2309 1267 2402 εὐαγγελίων
1310 2318 1648 2384 substituit.
1746 2319 1959 2403 Atque
2016 2339 2237 2386 verum
2300 2326 2430 2404 est,
2488 2340 2569 2387 ea
2621 2339 2788 2404 quae

479 2437 825 2521 evangelia
885 2436 1216 2504 continent
1279 2457 1315 2503 e
1368 2436 1814 2505 recordatione
1832 2459 1849 2466 ·
1884 2432 2295 2526 (ἀναμνήσει)
2353 2440 2790 2526 apostolorum

474 2557 710 2625 hausta
754 2578 923 2627 esse.
999 2556 1133 2625 Sed
1177 2558 1340 2624 sicut
1380 2559 1696 2625 Dominus
1740 2560 1884 2645 ipse
1928 2559 2443 2627 recordationem
2478 2582 2519 2625 a
2550 2561 2790 2646 Spiritu

476 2677 695 2745 divino
727 2676 1204 2763 suggerendam
1232 2678 1526 2763 promisit
1557 2676 1765 2764 (Joan.
1798 2680 1966 2765 XIV,
1998 2678 2133 2765 26),
2165 2680 2258 2746 sic
2279 2681 2603 2747 Justinum
2639 2701 2792 2764 quo-

479 2818 602 2882 que
660 2798 1017 2865 efficaciam
1074 2799 1200 2864 Dei
1258 2799 1342 2864 ab
1398 2799 1883 2883 evangeliorum
1939 2800 2186 2884 origine
2238 2821 2369 2867 non
2426 2801 2787 2867 exclusisse

476 2918 864 2986 credendum
912 2924 1027 2984 est.

643 3037 711 3123 2)
758 3037 961 3121 Urget
1011 3042 1356 3103 Crednerus
1398 3036 1725 3105 diversam
1771 3040 2107 3122 rationem,
2157 3061 2348 3123 quam
2381 3045 2423 3104 J
2426 3040 2673 3107 ustinus
2716 3040 2786 3105 in

467 3159 644 3225 libris
688 3159 942 3227 Veteris
988 3160 1391 3225 Testamenti
1437 3165 1501 3224 et
1543 3160 2069 3227 memorabilibus
2103 3159 2451 3228 afferendis
2478 3161 2781 3243 sequitur.

467 3279 725 3365 Scripta
784 3279 954 3345 enim
1005 3279 1259 3346 Veteris
1306 3280 1709 3345 Testamenti
1780 3281 2176 3365 allegantem
2239 3300 2384 3346 eum
2455 3281 2640 3363 quasi
2699 3279 2782 3346 de

460 3398 779 3494 industria
821 3399 1106 3466 divinam
1154 3419 1373 3465 eorum
1420 3399 1734 3485 originem
1761 3401 2076 3485 indicare3
2123 3400 2191 3465 in
2226 3400 2594 3484 allegandis
2627 3420 2781 3466 vero

460 3519 981 3587 memorabilibus
1036 3519 1243 3585 simile
1290 3519 1443 3601 quid
1486 3542 1615 3588 non
1660 3521 1952 3588 inveniri.
2042 3520 2352 3605 Legimus
2400 3520 2571 3587 enim
2616 3519 2784 3586 haec

464 3639 913 3707 memorabilia
954 3640 1047 3703 ita
1078 3638 1396 3722 allegata:
1442 3632 1545 3705 Ἑν
1574 3642 1674 3726 τῷ
1704 3633 2056 3725 εὐαγγελίῳ
2093 3640 2165 3705 δὲ
2192 3640 2549 3726 γέγραπται
2575 3636 2784 3706 εἰπών

467 3764 621 3825 Dial.
656 3779 706 3823 c.
734 3765 833 3824 Tr.
880 3779 931 3824 c.
962 3760 1102 3841 100,
1148 3779 1212 3843 p.
1245 3761 1390 3823 334.
1437 3796 1521 3806 -
1566 3761 1698 3825 Καὶ
1732 3756 1881 3826 υἱὸν
1910 3762 2073 3825 θεοῦ
2101 3762 2549 3846 γεγραμμένον
2578 3754 2784 3832 αὐτὸν

463 3878 538 3945 ἐν
577 3892 718 3956 τοῖς
769 3872 1383 3963 ἀπομνημονεύμασι
1435 3879 1576 3943 τῶν
1620 3870 2017 3945 ἀποστόλων
2061 3873 2264 3945 αὐτοῦ
2308 3878 2568 3964 ἔχοντες
2609 3879 2779 3965 (ibid.

462 4020 525 4083 p.
557 3996 734 4083 336).
782 4033 861 4044 --
907 3990 952 4062 ἃ
993 3998 1105 4063 καὶ
1136 3996 1209 4063 ἐν
1236 4010 1375 4074 τοῖς
1418 3990 2040 4085 ἀπομνημονεύμασι
2077 4001 2218 4066 τῶν
2247 3993 2643 4066 ἀποστόλων
2685 4000 2786 4085 γέ-

455 4371 475 4424 1
594 4288 614 4328 ¹
660 4288 723 4342 L.
750 4302 794 4342 c·
842 4304 895 4356 p.
929 4291 1027 4341 105
1061 4303 1139 4356 sq.
1215 4286 1322 4342 Cfr.
1358 4288 1829 4358 Schweqlerum
1871 4288 1906 4344 l.
1946 4304 1990 4343 c·
2045 4305 2099 4357 p.
2137 4292 2252 4347 227.
2339 4294 2784 4348 Scholtenium
2881 4337 2885 4341 .

479 4387 560 4427 .c.
597 4388 650 4441 p.
677 4374 760 4427 22.
2553 4382 2557 4386 ’
