3264 5076
1477 402 1561 475 57

333 631 542 711 gant.¹
647 629 732 697 At
786 629 1038 696 etiamsi
1091 629 1350 715 probari
1406 636 1659 716 posset,
1722 636 1857 695 tam
1916 649 2061 696 sero
2119 648 2433 695 canonem
2490 628 2658 695 Novi

334 750 746 816 Testamenti
809 769 955 815 esse
1032 750 1424 834 absolutum,
1504 757 1722 816 tamen
1787 749 2016 815 merito
2068 750 2210 834 Jam
2283 754 2480 815 antea
2563 749 2656 813 in-

342 869 733 954 spiratorum
795 869 1098 936 librorum
1162 870 1553 936 mentionem
1606 867 2064 936 inveniendam
2110 876 2655 955 exspectaremus,

340 995 608 1053 Primum
667 991 836 1055 enim
903 991 1066 1057 ratio
1124 989 1435 1073 postulat,
1489 995 1560 1056 ut
1615 995 1766 1055 ante
1825 989 2092 1054 canonis
2146 989 2656 1055 constitutionem

343 1109 619 1193 singulis
668 1109 807 1193 ejus
850 1109 1140 1195 partibus
1186 1108 1406 1177 divina
1452 1109 1634 1194 origo
1679 1109 1916 1176 tributa
1961 1109 2071 1188 sit,
2119 1108 2437 1193 siquidem
2482 1115 2659 1174 certa

339 1227 420 1295 de
499 1229 921 1313 inspiratione
994 1228 1310 1315 doctrina,
1387 1228 1648 1295 minime
1724 1249 1878 1296 vero
1965 1228 2407 1314 inspirationis
2490 1227 2653 1294 fides

340 1348 857 1415 constitutionem
924 1349 1190 1415 canonis
1250 1349 1737 1434 praesupponit.
1839 1354 2072 1412 Deinde
2135 1347 2407 1416 historia
2469 1346 2658 1415 docet

342 1468 536 1533 etiam
605 1488 923 1534 canonem
988 1469 1241 1535 Veteris
1308 1469 1713 1535 Testamenti
1778 1468 2088 1553 paulatim
2161 1468 2522 1535 accrevisse
2593 1473 2658 1533 et

338 1587 790 1673 inspiratorum
863 1588 1166 1655 librorum
1237 1588 1635 1671 agnitionem
1691 1589 1961 1654 canonis*
2013 1587 2477 1672 perfectionem
2541 1608 2650 1652 an-

337 1710 704 1774 tecessisse.
794 1710 894 1772 Ex
936 1707 1232 1774 IOhron.
1265 1709 1434 1793 XVI,
1465 1711 1546 1771 36
1593 1708 1947 1774 certissime
2004 1707 2385 1774 concludere
2430 1727 2653 1793 possu-

340 1848 506 1907 mne,
562 1828 948 1894 Psalterium
993 1847 1124 1892 non
1180 1827 1391 1892 minus
1438 1848 1630 1911 quam
1674 1827 1957 1893 Thoram
2013 1833 2229 1894 aetate
2273 1826 2656 1894 Ohronistae

342 1948 380 2011 i.
397 1967 452 2013 e.
478 1948 596 2014 sub
626 1946 820 2013 finem
843 1947 1087 2014 Persici
1111 1952 1176 2013 et
1206 1955 1354 2012 ante
1382 1947 1629 2013 initium
1667 1946 2052 2015 Seleucidici
2086 1948 2396 2034 temporis
2427 1948 2655 2012 librum

345 2086 594 2132 sacrum
638 2067 708 2131 in
755 2067 1034 2151 quinque
1068 2072 1301 2151 partes
1349 2066 1622 2133 divisum
1672 2074 1737 2134 et
1779 2074 2105 2151 tamquam
2159 2061 2367 2154 ἄλλην
2416 2061 2653 2132 πεντά-

343 2209 576 2270 τευχον
618 2186 873 2253 filisse.²
971 2186 1068 2253 Ibi
1124 2186 1296 2252 enim
1345 2186 1690 2254 Chronista
1744 2187 2056 2273 carmina,
2110 2208 2277 2270 quae
2325 2206 2476 2252 arca
2527 2186 2654 2251 foe-

345 2304 514 2371 deris
577 2306 950 2373 solemniter
1010 2306 1079 2370 in
1131 2308 1355 2373 urbem
1411 2327 1665 2373 sacram
1732 2306 2011 2373 deducta
2072 2313 2336 2372 cantata
2400 2304 2649 2390 fuerint,

345 2425 542 2493 libere
600 2426 888 2493 referens
946 2427 1360 2510 doxologiam
1418 2446 1668 2510 quoque
1724 2428 1984 2494 Psalmo
2039 2427 2199 2495 OV1.
2247 2424 2650 2510 subjunctam

348 2533 611 2612 carmini
654 2547 817 2614 festo
862 2547 1102 2614 inserit.
1202 2550 1397 2614 Porro
1444 2568 1480 2614 e
1526 2551 1695 2614 Dan.
1730 2549 1840 2634 IX,
1877 2552 1914 2611 2
1974 2547 2285 2632 sequitur,
2334 2551 2658 2612 auctorem

347 2664 529 2752 hujus
575 2666 722 2733 libri
767 2667 1207 2734 collectionem
1265 2669 1573 2735 librorum
1616 2667 2133 2753 propheticorum
2180 2666 2402 2734 divina
2449 2671 2661 2730 aucto-

348 2787 529 2852 ritate
583 2777 885 2854 vestitam
946 2788 1012 2852 in
1071 2788 1266 2854 exilio
1319 2788 1597 2855 novisse.
1695 2788 1991 2872 Namque
2047 2787 2285 2853 Daniel
2346 2786 2435 2851 ibi
2481 2782 2654 2868 dicit,

354 2927 418 2973 se
465 2907 672 2992 primo
728 2907 979 2992 imperii
1022 2906 1258 2974 Medici
1316 2928 1485 2974 anno
1534 2919 1800 3006 ῠᾞξξξξ
1854 2913 2165 2974 attentum
2218 2907 2452 2972 factum
2513 2925 2658 2971 esse

350 3027 427 3093 ad
473 3047 710 3110 annoS,
764 3048 882 3113 per
928 3046 1085 3110 quos
1130 3027 1584 3114 Hierosolyma
1631 3029 1975 3094 devastata
2020 3048 2169 3094 esse
2215 3029 2394 3092 Deus
2440 3026 2653 3111 vellet,

350 3148 567 3230 quibus
613 3146 829 3213 verbis
876 3153 1046 3211 certo
1094 3145 1180 3211 ad
1227 3168 1432 3214 annos
1477 3148 1623 3214 illos
1657 3148 2070 3233 septuaginta
2097 3146 2421 3214 Jeremiae
2452 3145 2654 3230 XXV,

360 3271 415 3328 11
453 3288 548 3350 sq.
581 3266 821 3344 XXIX,
861 3269 935 3328 10
969 3274 1248 3352 spectat3
1293 3270 1708 3352 quamobrem
1741 3288 2009 3334 necesse
2044 3274 2158 3353 est,
2189 3286 2492 3334 numerus
2521 3266 2653 3352 plu-

347 3386 493 3451 ralis
539 3397 761 3453 ΰῆῆεῦ
808 3385 892 3451 ad
939 3389 1300 3472 complures
1349 3387 1639 3471 ejusdem
1686 3389 1942 3473 generis
1989 3388 2184 3454 libros
2230 3388 2270 3452 i.
2301 3408 2357 3454 e.
2405 3385 2490 3452 ad
2535 3385 2658 3452 col-

350 3503 682 3572 lectionem
730 3506 1056 3588 quandam
1103 3507 1405 3572 librorum
1443 3507 1956 3594 propheticorum
1991 3507 2333 3592 referatur3
2372 3505 2656 3589 alioquin

352 3626 510 3690 enim
556 3647 685 3691 non
737 3625 1129 3712 intelligitur,
1182 3648 1291 3693 cur
1334 3648 1464 3693 non
1512 3635 1577 3695 ’Π
1626 3639 1815 3695 Ἳεῦξι
1872 3626 2012 3713 (cfr.
2046 3627 2177 3694 JeS.
2209 3626 2507 3710 XXXIV,
2546 3625 2653 3711 16)

352 3744 642 3831 scriptum
690 3745 791 3812 sit.
877 3748 1110 3813 Nonne
1160 3746 1353 3831 igitur
1396 3747 1745 3813 verisimile
1793 3753 1922 3832 cst,
1969 3746 2164 3813 etiam
2202 3745 2314 3811 illo
2344 3750 2681 3831 tempore,·

484 3935 502 3974 ¹
551 3934 656 3990 Cfr.
680 3938 1042 3999 Bleekium‚
1070 3936 1369 4006 Eiuleitunq
1391 3939 1446 3989 in
1473 3939 1573 3990 clas
1593 3937 1740 3988 Neue
1772 3937 2077 3990 Testament.
2112 3951 2165 4003 p.
2193 3936 2293 3988 636
2318 3949 2432 4002 sqq.
2477 3933 2657 3989 Orell-

354 4036 580 4086 nerum‚
633 4021 934 4075 Geso-hicme
970 4025 1061 4075 des
1095 4023 1627 4076 netetestatvzentlichen
1663 4022 1871 4075 Kanon.
1932 4037 1986 4088 p.
2027 4022 2141 4074 125.
2213 4021 2658 4075 Landererum

355 4121 393 4155 ³.
426 4123 465 4157 v.
512 4105 703 4159 Kanon
748 4110 838 4160 des
884 4124 1045 4160 neuen
1106 4109 1158 4160 T
1152 4115 1424 4162 estaments
1462 4109 1517 4160 in
1564 4107 1811 4177 Her-zoyli
1859 4107 1973 4161 RE.
2029 4106 2088 4160 T.
2124 4104 2249 4172 VII,
2306 4121 2360 4173 p.
2398 4108 2498 4157 270
2540 4120 2657 4174 sqq.

356 4186 724 4245 Kahnisium
769 4190 803 4246 l.
838 4207 884 4245 e.
925 4191 973 4259 1,
1022 4209 1076 4260 p.
1111 4194 1226 4246 655.
1308 4193 1734 4257 Volkmarum‚
1779 4193 1898 4247 Das
1942 4194 1990 4246 4.
2025 4193 2172 4246 Buch
2216 4191 2373 4246 Esra.
2446 4207 2501 4258 p.
2539 4192 2655 4244 291.

353 4271 730 4331 Dieetelium
767 4277 801 4332 l.
829 4293 871 4333 e.
908 4294 962 4345 p.
988 4280 1072 4332 21.
1130 4279 1494 4343 Danielem,
1536 4280 1903 4349 Theoloyische
1945 4277 2321 4332 Controversen.
2370 4292 2424 4343 p.
2446 4278 2509 4328 27
2540 4291 2656 4343 sqq.

480 4360 503 4400 2
547 4360 648 4414 Cfr.
670 4365 844 4418 Fran
858 4367 1023 4418 cisci
1045 4365 1452 4418 Delitzschii
1477 4362 1930 4417 commentarium
1954 4362 2010 4416 in
2034 4362 2291 4417 PsalmOS.
2332 4361 2479 4415 1867.
2506 4361 2654 4430 p.ll.
