3264 5076
551 604 759 673 'Aliud
815 605 1255 694 inspirationis
1313 608 1682 694 Scripturae
1737 613 2184 692 argumentum
2244 606 2636 695 apolog-ctae
2685 626 2721 674 e

396 727 719 794 vaticiniis
773 733 1089 814 repetunt.
1185 728 1504 814 Imprimis
1562 728 1884 813 Justinus,
1940 727 2047 812 qui
2098 725 2221 792 hoc
2273 735 2716 811 argumentum

396 848 704 935 μεγίστην
762 848 873 913 καὶ
924 840 1381 933 ἀληθεστάτην
1433 841 1771 930 ἀπόδειξιν
1822 847 2114 915 nominat
2129 849 2143 890 ¹
2158 897 2175 932 ,
2229 847 2429 916 Vetus
2483 849 2714 915 Testa-

396 973 677 1033 mentum
747 967 1119 1034 certissimis
1176 987 1254 1032 ac
1317 967 1803 1054 specialissimis
1865 965 2166 1033 refertum
2229 986 2376 1034 esse
2441 968 2718 1035 inculcat

394 1087 736 1171 vaticiniis,
783 1108 952 1171 quae
996 1087 1282 1152 maxima
1324 1106 1408 1153 ex
1454 1094 1641 1174 parte
1685 1087 1753 1152 in
1793 1085 2064 1154 historia
2098 1086 2362 1153 Domini
2405 1093 2471 1154 et
2516 1089 2716 1154 eccle-

391 1206 530 1273 siae
563 1207 842 1291 jamjam
895 1207 1165 1294 impleta
1219 1207 1365 1273 sint.
1468 1208 1542 1272 In
1588 1205 2050 1293 prophetarum
2108 1206 2286 1273 libris
2340 1205 2497 1272 dicit
2558 1215 2711 1274 ante

391 1325 610 1392 oculos
674 1327 862 1393 nobis
928 1327 1107 1413 pingi
1158 1329 1381 1395 Jesum
1445 1326 1770 1395 Christum
1826 1325 2310 1409 advenientem,
2375 1347 2412 1393 c
2456 1327 2707 1412 virgine

389 1452 799 1530 nascentem,
857 1446 941 1512 ad
994 1453 1275 1514 aetatem
1321 1447 1567 1514 virilem
1612 1446 2123 1531 pervenientem,
2182 1447 2441 1512 morbos
2485 1466 2710 1513 omnes

390 1566 956 1652 aegritudinesque
999 1573 1350 1651 curantem,
1397 1572 1680 1633 mortuos
1725 1565 1811 1632 ad
1840 1567 2039 1633 vitam
2070 1554 2506 1650 revocantem,
2550 1567 2707 1633 invi·

391 1708 551 1774 sum,
597 1688 987 1772 ignoratum,
1034 1687 1426 1766 crucifixum,
1472 1693 1937 1771 resurgentem,
1983 1687 2051 1751 in
2099 1685 2313 1753 coelos
2360 1685 2711 1754 ascenden-

390 1816 550 1892 tem3
598 1805 993 1893 praedictum
1042 1827 1292 1891 quoque
1339 1827 1485 1873 esse
1530 1827 1677 1875 eum
1724 1810 1789 1871 et
1819 1806 1952 1873 fore
1984 1810 2051 1873 et
2075 1811 2371 1872 vocatum
2400 1807 2479 1871 iri
2508 1806 2706 1872 filium

385 1928 530 2012 Dei,
577 1932 643 1993 et
687 1926 965 2005 nuutios,
1012 1927 1117 2010 qui
1162 1925 1328 1993 haec
1366 1927 1583 1994 omnia
1612 1925 2009 2011 praedicent,
2042 1924 2127 1990 ad
2162 1946 2352 1992 omne
2382 1925 2708 1993 hominum

390 2066 594 2129 genus
656 2047 996 2113 missurum
1065 2053 1256 2130 atque
1322 2047 1655 2131 gentilium
1723 2047 2037 2131 majorem
2105 2065 2437 2112 numerum
2509 2067 2703 2130 quam

382 2165 776 2234 ‚Iudaeorum
851 2167 930 2232 iis
1004 2164 1197 2232 fidem
1262 2164 1625 2231 habiturum
1695 2167 1903 2234 esse.²
2020 2167 2105 2230 Et
2169 2166 2470 2250 quoniam
2539 2165 2706 2234 haec

387 2286 604 2351 omnia
647 2284 982 2370 praedicta
1027 2287 1182 2371 sint,
1239 2292 1586 2370 antequam
1646 2286 2005 2370 evenerint,
2060 2306 2333 2353 necesse
2379 2307 2524 2354 esse
2571 2307 2703 2354 cre·

385 2404 615 2471 damus
646 2407 842 2471 etiam
874 2407 1140 2491 reliqua,
1175 2425 1342 2489 quae
1374 2405 1714 2493 praedicta
1740 2405 1885 2488 sint,
1932 2405 2283 2487 aliquando
2325 2409 2690 2474 eventura.3

389 2525 556 2605 Quia
601 2532 814 2592 autem
857 2525 987 2593 vim
1032 2524 1427 2592 vaticinandi
1473 2524 1864 2612 apologetae
1894 2525 1987 2591 uti
2017 2525 2323 2593 universa
2349 2528 2695 2612 antiquitas

383 2850 524 2906 οὕτω
566 2847 786 2925 μεγάλα
831 2851 925 2905 καὶ
971 2856 1105 2904 θεῖα
1150 2847 1454 2922 γινώσκειν
1489 2847 1820 2921 ἀνθρώποις
1868 2848 2125 2916 δυνατόν,
2174 2848 2311 2906 ἀλλὰ
2359 2855 2423 2929 τῇ
2471 2852 2698 2909 ἄνωθεν

385 2932 481 2992 ἐπὶ
522 2933 647 2997 τοὺς
692 2934 885 3009 ἁγίους
930 2936 1141 3009 ἄνδρας
1184 2938 1482 3006 τηνικαῦτα
1516 2932 1863 3009 κατελθοόσῃ
1900 2936 2104 3008 δωρεᾷ.
2139 2966 2207 2977 -—
2245 2943 2332 2994 Ad
2367 2943 2537 2996 Autol.
2575 2955 2621 2996 c.
2648 2945 2697 3008 9,

379 3041 434 3093 p.
461 3027 542 3079 76.
570 3026 657 3077 78:
705 3017 1058 3095 χωρήσαντες
1100 3024 1314 3093 σοφίαν
1356 3017 1459 3093 τὴν
1507 3019 1642 3093 παρ’
1680 3019 1869 3087 αὐτοῦ,
1919 3018 1992 3076 δι’
2040 3012 2106 3093 ἧς
2149 3027 2358 3094 σοφίας
2387 3020 2567 3079 ἐἷπον
2598 3028 2695 3080 καὶ

381 3106 448 3162 τὰ
486 3109 618 3182 περὶ
652 3109 749 3178 τῆς
780 3110 1012 3167 κτίσεως
1045 3110 1138 3163 τοῦ
1173 3103 1382 3180 κόσμου
1415 3110 1508 3162 καὶ
1543 3110 1659 3161 τῶν
1692 3109 1904 3161 λοιπῶν
1938 3104 2179 3166 πάντων.

518 3213 535 3255 ¹
591 3215 737 3282 Apol.
762 3210 806 3279 I,
833 3214 917 3279 30,
954 3228 1007 3280 p.
1027 3214 1153 3264 200:
1201 3206 1301 3281 τὴν
1336 3206 1632 3268 ἀπόδειξιν
1668 3207 1772 3280 ἤδη
1808 3206 2180 3283 ποιησόμεθα,
2219 3210 2281 3266 οὖ
2316 3218 2431 3271 τοῖς
2466 3212 2692 3285 λέγουσι

376 3292 755 3362 πιστεύοντες,
801 3293 939 3358 ἀλλὰ
986 3300 1101 3356 τοῖς
1136 3291 1546 3367 προφητεύουσι
1579 3296 1720 3368 πρὶν
1756 3293 1787 3367 ἢ
1825 3295 2102 3368 γενέσθαι
2134 3294 2254 3351 κατ’
2290 3292 2543 3369 ἀνάγκην
2578 3318 2695 3354 πει-

375 3379 613 3459 θόμενοι
660 3378 756 3437 διὰ
803 3378 862 3435 τὸ
905 3382 1001 3435 καὶ
1046 3380 1179 3448 ὄψει
1231 3378 1303 3440 ὡς
1345 3376 1743 3452 προεφητεὺθη
1781 3378 1924 3452 ὁρᾶν
1958 3380 2235 3455 γενόμενα
2270 3384 2365 3437 καί
2402 3383 2692 3456 γινόμενα,

370 3470 545 3544 ἥπερ
590 3470 883 3541 μεγίστη
929 3468 1045 3520 καὶ
1093 3463 1523 3537 ἀληθεστάτη
1571 3462 1939 3527 ἀπόδειξις
1985 3469 2101 3521 καὶ
2139 3465 2325 3541 ὕμῒν,
2374 3465 2455 3528 ὥς
2503 3473 2689 3544 νομί-

374 3559 601 3629 ζομεν,
648 3549 1065 3626 φανήσεται.
1113 3584 1182 3593 -
1241 3554 1388 3609 Βίαῖ.
1427 3572 1469 3607 c.
1517 3555 1606 3609 Tr.
1650 3569 1693 3608 c.
1723 3557 1770 3620 7,
1817 3570 1870 3623 p.
1898 3555 1989 3606 32:
2051 3550 2117 3606 τὰ
2161 3552 2224 3607 δὲ
2271 3549 2554 3625 ἀποβάντα
2596 3556 2691 3609 καὶ

370 3637 751 3710 ἀποβαίνοντα
787 3634 1252 3709 ἐξαναγκάζει
1289 3639 1664 3692 συντίθεσθαι
1700 3643 1817 3697 τοῖς
1852 3635 2241 3710 λελαλημένοις
2277 3638 2351 3692 δι’
2390 3638 2586 3698 αἰτῶν.

510 3737 534 3775 2
580 3737 730 3805 Apol.
758 3735 799 3801 1,
827 3736 910 3801 31,
949 3750 1003 3802 p.
1029 3736 1146 3788 202.

509 3831 532 3868 3
579 3832 729 3899 Apol.
763 3828 805 3896 1,
842 3830 935 3894 52,
982 3845 1035 3896 p.
1070 3828 1196 3880 238:
1249 3824 1484 3897 Ἐπειδὴ
1533 3828 1722 3880 τοίνυν
1756 3823 1824 3880 τὰ
1870 3824 2149 3901 γενόμενα
2197 3826 2299 3899 ἤδη
2339 3824 2521 3882 πάντα
2561 3828 2690 3882 ἀπο·

373 3916 673 3988 δείκνυμεν
716 3913 852 3984 πρὶν
896 3911 928 3983 ἢ
979 3912 1258 3983 γενέσθαι
1303 3909 1758 3984 προκεκηρίνχθαι
1804 3909 1901 3966 διὰ
1944 3916 2057 3967 τῶν
2099 3917 2422 3984 προφητῶν,
2472 3910 2685 3986 ἀνάγκη

369 3999 464 4053 καὶ
511 3999 641 4071 περὶ
690 4002 800 4053 τῶν
851 3995 1050 4072 ὁμοίως
1105 3996 1638 4069 προφητευθὲντων,
1688 3998 2004 4071 μελλόντων
2040 3997 2103 4051 δὲ
2149 4001 2445 4069 γίνεσθαι,
2493 4002 2685 4053 πίστιν

368 4082 526 4156 ἔχειν
557 4084 630 4144 ὥς
664 4083 888 4142 πάντως
923 4081 1333 4155 γενησομένων.
1371 4113 1435 4122 -
1477 4089 1564 4139 Ad
1601 4088 1773 4140 Autol.
1798 4085 1869 4152 II,
1898 4089 1946 4153 9,
1986 4101 2039 4154 p.
2067 4086 2161 4138 78:
2196 4079 2490 4155 εἰρήκασιν
2525 4081 2591 4138 τά
2629 4104 2687 4138 τε

364 4167 476 4242 πρὸ
519 4168 699 4224 αὐτῶν
734 4168 1087 4242 γεγενημένα
1130 4170 1225 4222 καὶ
1274 4165 1337 4222 τὰ
1386 4168 1505 4222 κατ’
1544 4167 1737 4229 αὖτοὺς
1780 4167 2052 4241 γεγονότα
2100 4172 2194 4223 καὶ
2242 4169 2309 4223 τὰ
2359 4169 2491 4225 καθ’
2536 4168 2684 4243 ἡμᾶς

362 4258 484 4310 νυνὶ
531 4252 911 4328 τελειοίνμενα·
968 4250 1058 4307 διὸ
1098 4256 1193 4308 καὶ
1250 4257 1610 4326 πεπείσμεθα
1663 4257 1758 4309 καὶ
1814 4257 1948 4327 περὶ
1998 4258 2111 4309 τῶν
2150 4253 2466 4328 μελλόντων
2516 4256 2689 4313 οὕτως

361 4337 616 4409 ἔσεσθαι,
652 4336 842 4415 καθῲς
877 4341 972 4394 καὶ
1006 4337 1071 4395 τὰ
1113 4344 1304 4412 πρῶτα
1342 4335 1691 4413 ἀπήρτισται.
