3264 5076
1591 388 1673 462 67

460 613 530 679 Id
590 613 760 697 quod
825 620 1168 680 Crednerus
1213 614 1394 681 initio
1439 620 1866 701 proposuerat
1908 613 2556 700 praetermittentes¹,
2610 611 2762 696 quia

459 734 838 800 refutatione
877 735 1209 818 indignum
1255 743 1371 819 est,
1417 734 1595 800 aliud
1640 736 1778 820 ejus
1825 733 2127 815 effugium
2173 735 2521 799 notemus.²
2608 734 2761 798 Ver-

459 855 700 920 sionem
772 854 1086 939 epistolae
1147 855 1660 940 Polycarpianae
1726 853 1993 919 latinam
2067 851 2220 918 dicit
2284 852 2543 918 minime
2610 871 2761 919 esse

456 973 676 1057 fidam,
722 972 869 1059 sed,
915 980 984 1039 ut
1029 980 1207 1041 certa
1251 972 1574 1060 quaedam
1606 974 1885 1058 vestigia
1916 972 2222 1057 arguant,
2264 973 2757 1057 interpolatam3

459 1113 513 1158 e.
545 1114 597 1161 0.
645 1114 786 1178 cap.
817 1096 880 1158 Π
936 1094 1152 1159 afferri
1204 1094 1655 1160 macarismum
1714 1093 1917 1158 illum:
1980 1092 2204 1178 „Beati
2257 1111 2579 1177 pauperes
2636 1089 2761 1176 spi-

460 1196 621 1277 ritu“
667 1212 1034 1296 praemissa
1076 1213 1375 1279 formula:
1435 1217 1523 1278 Et
1562 1217 1728 1292 quod
1770 1218 1993 1276 dictum
2036 1222 2155 1287 οδω
2211 1212 2280 1276 111
2325 1231 2562 1296 graeco
2606 1230 2760 1276 vero

457 1332 771 1416 epistolae
802 1337 979 1397 textu
1006 1332 1163 1397 nihil
1193 1339 1453 1398 exstare
1497 1331 1647 1397 nisi:
1693 1333 1835 1396 καί·
1883 1325 1986 1397 ὅτι
2027 1325 2334 1417 μακάριοι
2378 1329 2441 1396 οἱ
2482 1331 2757 1414 πτωχοί.

455 1452 539 1515 At
591 1450 755 1517 haec
810 1451 1118 1518 Oredneri
1190 1452 1664 1537 argumentatio
1722 1472 1851 1517 non
1904 1451 2086 1516 firma
2140 1457 2270 1535 est3
2333 1452 2529 1533 longe
2585 1450 2753 1515 enim

458 1571 658 1652 100118,
719 1570 802 1636 110
857 1592 981 1655 quo
1038 1571 1391 1655 quaeritur,
1447 1573 1530 1637 ab
1576 1571 1706 1637 hoc·
1752 1570 1979 1636 differt.
2068 1572 2236 1636 Nam
2281 1571 2349 1635 in
2392 1569 2517 1635 hoc
2559 1569 2761 1636 verba

456 1694 541 1755 Et
603 1696 769 1768 quod
826 1696 1049 1754 dictum
1114 1702 1204 1755 est
1263 1696 1495 1775 postea
1558 1690 1862 1775 apposita
1926 1710 2102 1769 csse,
2164 1690 2421 1756 etiamsi
2485 1709 2758 1775 graecus

452 1816 663 1903 textus
709 1830 829 1876 nos
874 1810 1204 1889 deficeret,
1252 1810 1570 1895 suspicari
1615 1829 1987 1894 possemus3
2035 1831 2235 1876 causa
2279 1811 2453 1876 enim
2496 1829 2756 1895 prorsus

455 1927 632 1994 nulla
674 1929 949 1996 inveniri
1004 1935 1246 2014 potest,
1303 1950 1411 1995 cur
1464 1931 1585 1995 soli
1630 1931 1849 1994 ultimo
1907 1930 2214 1995 dictorum
2262 1930 2530 2013 Christi,
2587 1949 2757 2011 quae

454 2048 843 2133 allegantur,
888 2050 1062 2133 fons,
1109 2049 1279 2115 unde
1326 2048 1625 2115 haustum
1672 2055 1798 2131 est,
1857 2048 2114 2115 additus
2159 2050 2259 2114 sit.
2350 2050 2590 2115 Contra
2639 2048 2752 2112 illo

454 2168 625 2251 loco,
672 2167 755 2236 de
810 2189 936 2252 quo
982 2170 1262 2253 agimus,
1306 2174 1644 2235 contextus
1703 2170 2263 2253 postulat‚verba:
2327 2175 2403 2234 Ut
2450 2174 2545 2233 his
2600 2174 2756 2231 scri-

441 2293 647 2366 pturis
690 2292 915 2353 dicmm
960 2300 1063 2353 est.
1137 2290 1538 2374 Polycarpus
1583 2290 1783 2373 enim,
1829 2295 2172 2374 postquam
2219 2308 2269 2354 c.
2302 2290 2395 2353 XI
2440 2287 2759 2371 quomodo

454 2405 905 2493 Philippenses
978 2428 1137 2493 erga
1206 2410 1654 2495 presbyterum
1738 2406 2061 2492 quendam
2143 2410 2428 2495 lapsum,
2500 2406 2759 2474 nomine

455 2527 815 2616 Valentem,
855 2550 927 2597 se
964 2528 1306 2597 habuerint
1349 2530 1646 2616 exposuit
1691 2519 1931 2613 eosque
1975 2550 2059 2595 ne
2106 2528 2399 2614 asperius
2431 2548 2572 2595 eum
2605 2532 2767 2593 1100-

451 2654 664 2718 tarent
709 2648 1074 2716 cohortatus
1129 2656 1258 2732 est,
1314 2650 1436 2717 hoc
1482 2648 1671 2716 modo
1719 2669 1771 2715 c.
1796 2650 1923 2713 XII
1966 2648 2205 2734 pergit:
2275 2647 2542 2715 Confido
2589 2648 2759 2713 enim

454 2789 569 2834 vos
602 2768 765 2834 bene
800 2770 1180 2836 exercitatos
1208 2790 1355 2836 esse
1386 2771 1454 2835 in
1486 2770 1690 2835 sacris
1717 2768 1953 2852 literis,
1984 2776 2050 2834 et
2071 2767 2228 2833 nihil
2253 2789 2370 2835 vos
2392 2769 2555 2835 latet
2581 2817 2760 2834 .....

455 2889 660 2973 Modo,
704 2895 772 2954 ut
815 2888 916 2954 his
963 2889 1292 2974 scripturis
1338 2889 1573 2955 dictum
1620 2894 1740 2967 est,
1786 2887 2136 2954 irascimini
2183 2895 2302 2955 etc.
2376 2887 2621 2972 Negari
2651 2908 2759 2953 ne-

456 3008 611 3091 quit,
657 3008 857 3073 verba
899 3018 967 3071 ut
1006 3013 1101 3072 his
1142 3015 1465 3088 scripturis
1509 3014 1733 3073 dictum
1777 3018 1866 3074 est
1905 3008 2297 3074 necessitate
2341 3008 2620 3092 quadam
2667 3007 2758 3070 in-

454 3132 636 3193 terna
690 3148 732 3191 a
787 3133 1086 3193 contextu
1136 3127 1434 3210 flagitari.
1538 3128 1811 3193 Etiamsi
1874 3128 2065 3210 igitur
2122 3147 2203 3192 ea
2260 3128 2343 3193 ab
2407 3128 2757 3224 interprete

451 3246 674 3316 addita
719 3267 867 3314 esse
919 3247 1178 3333 probari
1231 3254 1481 3331 posset,
1541 3248 1952 3314 nihilominus
1998 3251 2356 3331 constaret,
2411 3245 2614 3313 verba
2657 3264 2755 3310 se-

456 3368 742 3452 quentia,
789 3387 961 3451 quae
1006 3373 1116 3432 aut
1161 3386 1197 3431 e
1242 3367 1348 3431 Ps.
1383 3366 1470 3431 IV
1516 3373 1582 3433 et
1624 3367 1790 3452 Eph.
1819 3368 1909 3432 IV
1954 3373 2066 3431 aut
2109 3387 2147 3434 e
2193 3367 2335 3432 sola
2365 3365 2639 3451 epistola
2671 3364 2758 3430 ad

454 3486 769 3571 Ephesios
826 3486 1123 3551 desumta
1177 3492 1348 3563 sunt,
1404 3506 1445 3550 a
1491 3486 1853 3570 Polycarpo
1909 3485 2052 3570 ipso
2113 3492 2442 3569 tamquam
2500 3490 2750 3569 partem

450 3625 771 3672 sacrarum
803 3606 1130 3671 literarum
1164 3597 1426 3689 adduci,
1469 3604 1536 3669 in
1567 3605 1795 3688 quibus
1828 3604 2281 3691 Philippenses
2319 3606 2480 3670 bene
2513 3604 2757 3669 exerci-

580 3915 598 3954 ¹
651 3914 729 3967 De
764 3916 1011 3967 librorum
1045 3913 1119 3966 N.
1155 3915 1215 3967 T.
1250 3916 1591 3981 inspiratione
1625 3928 1679 3979 p.
1709 3914 1798 3964 19:
1838 3912 2038 3966 Ultima
2061 3912 2256 3966 verba:
2295 3923 2349 3967 ut
2374 3915 2455 3967 his
2478 3915 2758 3981 scripturis

450 4001 635 4053 dictum
668 4010 743 4052 est
776 3997 925 4051 nullo
960 3995 1118 4051 modo
1155 3997 1225 4052 ad
1261 3997 1641 4053 antecedentia
1676 4000 1731 4051 in
1756 4002 1925 4052 sacris
1950 4000 2116 4053 literis
2149 3996 2437 4053 referenda
2471 4003 2621 4063 sunt3
2659 3997 2757 4051 Po·

448 4081 690 4152 lycarpus
737 4082 902 4136 multo
947 4082 1127 4151 potius
1170 4083 1314 4137 inter
1358 4098 1541 4138 sacras
1592 4083 1782 4137 literas
1837 4090 1893 4137 et
1941 4084 2042 4137 has
2103 4084 2400 4153 scripturas
2455 4083 2750 4152 distinguit.

451 4164 578 4221 Sunt
613 4184 739 4223 vero
773 4170 868 4222 hae
904 4171 1191 4236 scripturae
1224 4168 1379 4223 Pauli
1413 4168 1694 4237 epistolae,
1732 4167 1802 4223 ad
1838 4184 1972 4237 quas
2008 4168 2169 4237 paulo
2204 4175 2331 4223 ante
2356 4172 2425 4234 (0.
2452 4169 2550 4234 XI)
2586 4170 2752 4224 lecto-

445 4266 529 4306 res
561 4254 906 4322 allegaverat.
1036 4293 1041 4299 -

577 4341 600 4379 ²
642 4341 887 4413 Beitrdqe
923 4339 966 4406 1,
992 4341 1132 4413 p-20
1158 4354 1238 4410 sq.
1300 4339 1408 4397 Cfr.
1444 4342 1893 4397 Scholtenium
1928 4339 1962 4395 l.
1991 4356 2038 4396 0.
2071 4356 2125 4409 p.
2149 4341 2231 4393 44.

2277 4441 2343 4501 5.
