3264 5076
1601 365 1685 442 72

484 615 717 663 canam
762 592 1106 663 dictionem
1149 592 1459 679 redolet¹,
1514 595 1669 679 quin
1723 596 1917 662 etiam
1969 613 2171 682 saepe
2225 596 2611 665 verbotenus
2658 618 2795 664 cum

484 717 662 782 Luca
706 715 1040 781 (ιοιιοίιιίῐ.2
1146 714 1262 781 Sin
1315 733 1472 781 vero
1515 713 1684 781 haec
1728 723 2109 800 argumenta
2161 716 2226 781 in
2272 714 2534 783 dubium
2578 719 2796 784 vocari

483 843 548 903 et
591 835 747 901 dilui
790 839 1089 921 possent,
1132 841 1353 901 tamen
1398 834 1810 920 evangelium
1856 834 2072 902 Lucae
2115 834 2282 901 inter
2314 828 2800 923 ἀπομνημονεύ-

480 980 654 1042 ματα
706 958 846 1022 τῶν
898 947 1296 1020 ἀποστόλων
1358 953 1556 1021 fuisse
1619 953 2093 1021 demonstraret
2154 955 2622 1022 famosissimus
2685 958 2795 1024 ille

481 1076 664 1142 locus
694 1079 853 1141 Dial.
885 1095 937 1138 c.
972 1078 1071 1138 Tr.
1099 1095 1151 1139 c.
1190 1075 1328 1158 103,
1359 1095 1422 1159 p.
1459 1076 1606 1157 348,
1654 1074 1762 1141 ubi
1788 1076 1831 1141 J
1834 1074 2075 1141 ustinus
2107 1073 2190 1140 de
2224 1074 2457 1142 sudore
2486 1097 2528 1141 a
2559 1075 2794 1142 Christi

483 1195 648 1262 facie
692 1195 758 1260 in
803 1193 987 1260 horto
1034 1191 1476 1259 Gethsemane
1507 1192 1832 1261 defluente
1864 1195 1958 1260 ita
1988 1194 2237 1261 scribit:
2286 1193 2370 1260 ἐν
2410 1208 2577 1273 τοῖς
2611 1189 2799 1263 α’πο-

482 1309 1097 1401 μνημονεύμασι,
1144 1305 1188 1376 ἅ
1232 1334 1423 1398 φημι
1466 1305 1617 1378 ὑπὸ
1661 1314 1819 1379 τῶν
1864 1305 2337 1381 ἀποστόλων
2379 1308 2626 1381 αὐτοῦ
2670 1318 2800 1407 καὶ

481 1435 640 1500 τῶν
689 1432 1026 1509 ἐκείνοις
1091 1427 1999 1518 παρακολουθησάντων
2056 1430 2593 1519 συντετάχθαι
2661 1436 2798 1520 (γέ-

487 1552 831 1642 γραπται),
908 1546 1028 1618 ὅτι
1101 1545 1336 1634 ἱδρώς
1403 1542 1591 1617 ὡσεὶ
1656 1547 1996 1637 θρόμβοι
2059 1566 2492 1638 κατεχεττο,
2559 1548 2799 1621 αὐτοῦ

479 1665 911 1758 εὐχομένου
974 1672 1106 1737 καὶ
1167 1670 1569 1755 λέγοντος·
1645 1671 2121 1757 παρελθέτω
2188 1673 2256 1739 εἰ
2314 1669 2659 1740 δυνατὸν
2708 1670 2798 1740 τὸ

478 1788 857 1879 ποτήριον
907 1792 1161 1856 τοῦτο.
1241 1790 1576 1874 Nusquam
1623 1791 1791 1856 enim
1838 1790 2006 1856 alias
2051 1792 2238 1859 nobis
2282 1791 2409 1859 hac
2453 1792 2539 1860 de
2571 1814 2640 1860 re
2670 1799 2796 1859 tra·

480 1911 682 1976 ditum
728 1916 829 1977 est
871 1930 1066 1994 quam
1119 1908 1187 1975 in
1241 1910 1579 1992 evangelio
1624 1910 1842 1976 Lucae
1900 1911 2137 1996 (XXII,
2164 1909 2472 1997 42—44),
2504 1933 2611 1980 ex
2668 1934 2793 1997 quo

480 2031 919 2097 narrationem
974 2029 1153 2093 illam
1207 2048 1277 2095 se
1332 2030 1671 2114 repetiisse
1724 2029 2015 2096 Justinus
2072 2030 2481 2115 apertissime
2534 2031 2796 2117 indicat,

479 2149 604 2216 hoc
659 2151 799 2216 solo
856 2150 1000 2215 loco
1054 2148 1396 2232 adjiciens,
1453 2148 1898 2215 memorabilia
1951 2152 2386 2235 apostolorum
2434 2154 2798 2238 conscripta

483 2290 630 2336 esse
685 2263 820 2335 ὑπὸ
863 2271 1003 2335 τῶν
1046 2261 1441 2335 ἀποστόλων
1486 2260 1689 2332 αὐτοῦ
1731 2269 1846 2334 καὶ
1884 2271 2027 2334 τῶν
2071 2268 2343 2347 ἐκείνοις
2384 2276 2796 2356 παρακολου-

478 2385 838 2475 θησάντων
884 2387 1019 2473 (cfr.
1051 2391 1204 2455 Luc.
1234 2389 1285 2471 I,
1317 2385 1407 2472 3).
1503 2388 1792 2454 Fuerunt
1844 2387 2131 2478 quidem,
2187 2390 2297 2473 qui
2341 2410 2425 2456 ex
2472 2412 2579 2476 eo,
2627 2392 2800 2475 quod

480 2507 653 2594 apud
703 2509 950 2575 Lucam
1001 2504 1288 2593 θρόμβοι
1342 2505 1641 2591 αἳματος,
1698 2506 1873 2594 apud
1925 2509 2246 2575 Justinum
2292 2505 2605 2596 θρόμβοι,
2660 2533 2793 2579 non

481 2626 705 2694 addito
756 2626 1057 2713 αἵματος,
1098 2627 1362 2711 legitur,
1409 2623 1857 2694 demonstrare
1901 2629 2163 2714 vellent,
2206 2629 2528 2695 Justinum
2573 2631 2654 2697 de
2701 2653 2802 2698 su-

479 2746 635 2814 dore
697 2747 929 2813 Christi
983 2753 1356 2812 narrantem
1412 2747 1823 2829 evangelium
1878 2746 2201 2831 quoddam
2261 2750 2700 2837 apocryphum
2757 2771 2799 2817 a

464 2867 721 2934 ‚docetis
775 2867 880 2934 vel
947 2867 1285 2931 confictum
1340 2867 1445 2932 vel
1507 2868 1908 2933 immutatum
1972 2869 2177 2951 sequi.
2284 2868 2372 2935 At
2438 2871 2798 2955 simplicem

473 2988 842 3072 veritatem,
905 2985 1095 3052 modo
1162 3005 1244 3051 ne
1308 3005 1454 3051 eam
1516 2993 1908 3073 agnoscant,
1969 3009 2138 3055 vano
2212 2997 2570 3056 commento
2628 3011 2798 3057 com-

475 3107 779 3172 mutant.³

646 3228 1021 3310 Evangelium
1056 3228 1238 3293 Marci
1286 3246 1372 3290 an
1414 3226 1707 3292 Justinus
1749 3226 2000 3292 noverit
2032 3227 2293 3310 cognitu
2324 3226 2584 3295 difficile
2620 3229 2794 3296 vide-

473 3353 599 3431 tur,
658 3346 810 3430 quia
866 3344 987 3412 hoc
1042 3345 1452 3428 evangelium
1506 3343 1917 3413 traditionem
1976 3347 2456 3432 evangelicam,
2517 3368 2685 3431 quae
2731 3349 2799 3414 in

615 3552 633 3591 ¹
677 3550 924 3605 Justinus
959 3555 1046 3603 ter
1080 3566 1212 3604 voce
1249 3546 1715 3619 εὐαγγελίζεσθαι
1740 3550 1881 3625 sicut
1905 3548 2082 3603 Lucas
2108 3549 2177 3604 de
2199 3549 2606 3618 praedicatione
2636 3568 2795 3606 evan-

469 3636 623 3704 gelii,
663 3636 922 3705 imprimis
947 3635 1015 3689 de
1041 3635 1449 3689 annuntiatione
1473 3633 1607 3688 Jesu
1642 3636 1900 3690 nascituri
1935 3634 2182 3703 angelica
2214 3636 2385 3689 utitur
2423 3638 2603 3705 (Apol.
2636 3638 2677 3703 1,
2706 3640 2790 3704 33,

470 3738 523 3790 p.
549 3723 667 3776 208.
731 3722 873 3776 Dial.
912 3737 956 3777 c,
995 3721 1107 3777 Tu>
1135 3737 1180 3776 c.
1214 3724 1308 3787 51,
1357 3737 1410 3788 p.
1452 3724 1561 3774 164.
1607 3737 1653 3776 c.
1683 3723 1807 3789 100,
1858 3739 1912 3791 p.
1942 3724 2084 3787 338),
2139 3736 2281 3789 quae
2327 3721 2543 3789 quidem
2590 3739 2695 3777 vox
2739 3725 2797 3776 in

469 3807 759 3876 evangeliis
796 3807 993 3863 ceteris
1027 3822 1136 3861 non
1171 3806 1277 3860 nisi
1302 3806 1497 3861 Matth.
1520 3806 1618 3873 XI,
1648 3810 1680 3859 5
1711 3807 1998 3877 reperitur.
2058 3805 2359 3860 Primordia
2379 3806 2416 3859 J
2420 3822 2517 3861 esu
2550 3807 2794 3863 referens

470 3893 647 3947 Deum
693 3893 848 3946 sicuti
882 3892 1060 3947 Lucas
1108 3892 1348 3957 ὕψιστον
1390 3891 1647 3946 nominat.
1726 3892 1909 3946 Utitur
1953 3896 2009 3946 et
2049 3892 2167 3960 ipse
2214 3891 2394 3946 verbis
2443 3888 2797 3957 ἐπισκιάζειν

469 3983 524 4032 et
557 3973 931 4049 ἐπέρχεσθαι,
980 3984 1042 4030 ut
1077 3977 1373 4032 efficaciam
1410 3976 1642 4045 Spiritus
1680 3975 1845 4031 divini
1877 3977 1935 4030 in
1974 3977 2325 4046 conceptione
2361 3976 2495 4032 Jesu
2530 3976 2798 4047 significet

470 4063 654 4131 (Apol.
689 4064 731 4129 1,
759 4065 844 4129 33,
881 4081 935 4133 p.
959 4065 1077 4126 208.,
1137 4064 1280 4119 Dial.
1307 4079 1351 4117 c.
1377 4062 1468 4120 Tr.
1508 4078 1556 4117 c.
1584 4066 1699 4128 100,
1741 4080 1795 4131 p.
1816 4064 1957 4129 338).

605 4149 631 4189 2
676 4147 783 4203 Ofr.
821 4150 1244 4204 Semisohium
1278 4148 1314 4203 l.
1340 4164 1384 4203 ο.
1421 4165 1473 4216 p.
1508 4149 1800 4203 139—-142.

603 4234 629 4275 3
673 4234 853 4288 Etiam
890 4236 976 4290 Hi
987 4238 1131 4306 lyen
1125 4234 1364 4303 selduc
1400 4233 1454 4298 (l.
1480 4249 1524 4288 c.
1559 4250 1613 4303 p.
1634 4235 1758 4298 291)
1797 4249 1904 4287 non
1938 4231 2105 4288 audet
2140 4235 2485 4302 contendere,
2524 4234 2797 4290 Justinum

461 4319 795 4387 evangelium
831 4319 1012 4374 Lucae
1047 4335 1155 4373 non
1191 4316 1518 4373 adhibuisse.

2971 4791 3239 5076 A
