3264 5076
1610 485 1650 490 -,
1719 391 1804 489 78

593 612 834 679 Christi
879 613 1128 699 imago,
1175 636 1368 681 unum
1414 616 1824 701 evangelium
1871 624 2083 701 erant,
2130 617 2672 701 quemadmodum
2718 638 2908 683 evan-

593 732 768 815 gelia
812 753 941 799 non
984 734 1295 820 inscripta
1338 741 1485 801 sunt
1530 729 1908 821 εὐαγγέλιον
1951 737 2313 802 Mat-90:502>
2357 739 2516 814 xri„
2562 735 2680 802 sed
2729 730 2902 820 εὖαγ·

593 851 813 935 γε’λιον
856 848 1023 917 κατὰ
1068 857 1454 939 Matthaei),
1499 856 1653 938 quia
1695 877 1889 921 unum
1937 856 2347 940 evangelium
2381 861 2506 939 est,
2550 875 2593 919 a
2622 855 2906 940 pluribus

594 971 943 1037 memoriae
990 972 1326 1057 proditum.
1429 973 1557 1040 Sed
1615 975 2025 1058 quantumvis
2071 974 2235 1042 haec
2278 994 2447 1059 quae
2491 975 2681 1041 modo
2728 982 2909 1040 nota-

592 1091 799 1156 vimus
845 1111 1001 1156 vera
1046 1094 1200 1177 sint,
1247 1114 1513 1160 necesse
1557 1101 1778 1161 tamen
1824 1102 1949 1174 est,
1997 1115 2079 1160 ca
2124 1115 2290 1179 quae
2333 1094 2731 1160 contradicta
2763 1102 2908 1161 sunt

597 1211 1010 1277 considerare
1057 1219 1123 1278 et
1167 1213 1432 1280 diluere.
1527 1215 1702 1280 Satis
1749 1221 1966 1282 autem
2014 1216 2135 1281 erit
2179 1214 2564 1281 contrariam
2618 1220 2913 1279 Credneri

599 1332 1225 1415 argumentationem
1261 1332 1602 1418 diligenter
1630 1334 2008 1400 examinare
2033 1340 2099 1400 et
2126 1335 2181 1400 si
2209 1334 2341 1399 fieri
2367 1334 2573 1420 possit
2605 1333 2903 1400 refutare.

766 1451 1076 1519 Concedit
1124 1457 1467 1517 Crednerus
1510 1453 1773 1520 novisse
1809 1454 2130 1519 Justinum
2178 1454 2526 1537 evangelia
2572 1453 2905 1532 canonica,

592 1569 762 1635 illico
793 1590 946 1636 vero
980 1571 1278 1647 debilitat
1309 1580 1373 1638 et
1404 1578 1697 1637 attenuat
1723 1571 1893 1637 hanc
1918 1575 2421 1658 concessionem,
2451 1573 2601 1639 dum
2626 1574 2903 1658 probare

593 1690 865 1774 satagit,
926 1711 1069 1758 eum
1116 1693 1182 1758 in
1226 1691 1635 1759 citationibus
1682 1693 1815 1759 suis
1863 1693 2206 1777 evangelio
2241 1691 2519 1777 quodam
2562 1713 2606 1757 a
2633 1698 2906 1776 quatuor

592 1810 952 1893 evangeliis
997 1809 1254 1877 diverso
1301 1833 1483 1878 usum
1531 1833 1700 1880 esse.
1801 1812 1985 1891 Quod
2041 1812 2450 1894 evangelium
2498 1811 2654 1877 dicit
2706 1832 2900 1877 evau-

592 1929 763 2012 gelio
817 1930 1133 1998 Matthaei
1186 1939 1252 1997 et
1310 1932 1588 1999 dictione
1645 1942 1709 1999 et
1763 1933 2039 1999 materia
2088 1931 2286 1999 fuisse
2349 1932 2715 2015 finitimum,
2782 1929 2902 1998 sed

591 2050 823 2133 partim
881 2051 1054 2136 plus,
1117 2053 1349 2138 partim
1414 2053 1624 2119 minus
1688 2053 1799 2118 1110
1864 2051 2253 2119 continuisse
2317 2060 2510 2136 atque
2569 2071 2771 2137 saepe
2836 2051 2901 2116 in

589 2170 781 2234 rebus
826 2170 1180 2237 referendis
1226 2178 1290 2237 et
1333 2173 1401 2238 in
1447 2173 1721 2238 materia
1763 2172 2170 2259 disponenda
2197 2173 2391 2255 longe
2424 2173 2507 2237 ab
2541 2170 2904 2256 evangeliis

592 2289 918 2356 canonicis
956 2290 1388 2377 discrepasse.
1478 2294 1623 2358 Non
1665 2312 1812 2358 esse
1849 2291 2296 2376 dubitandum,
2343 2292 2497 2375 quin
2538 2290 2662 2356 hoc
2707 2310 2901 2356 evan·

587 2410 826 2493 gelium
871 2411 1056 2476 fuerit
1100 2411 1504 2494 evangelium
1552 2410 1710 2476 illud
1754 2411 2115 2495 Petrinum,
2168 2433 2210 2477 a
2257 2409 2901 2493 Judaeoehristianis,

585 2552 851 2614 quorum
897 2530 1356 2599 consuetudine
1384 2530 1677 2599 Justinus
1707 2529 1993 2599 Sichemi
2040 2529 2381 2617 (Neapoli)
2428 2535 2617 2596 natus
2665 2550 2706 2595 a
2749 2550 2901 2615 pue-

584 2651 735 2717 ritia
776 2672 929 2718 usus
973 2653 1084 2730 sit,
1131 2653 1470 2736 permagni
1517 2652 1979 2717 aestimatum.¹

758 2772 1001 2849 Quibus
1047 2772 1415 2837 assentiens
1461 2776 1882 2850 Schmeqlerus
1926 2771 2138 2856 pergit
2182 2775 2247 2836 et
2292 2767 2571 2854 dictitat,
2617 2788 2900 2854 evange-

586 2891 739 2955 lium
794 2892 996 2974 Petri,
1051 2912 1176 2975 quo
1229 2891 1521 2957 Justinus
1570 2911 1725 2984 usus
1770 2891 1879 2973 sit,
1938 2889 2110 2956 idem
2166 2909 2315 2957 esse
2360 2910 2500 2955 cum
2548 2888 2894 2973 evangelio

587 3004 744 3075 καθ’
777 3005 1140 3096 Ἑβραίους,
1187 3011 1357 3095 quod
1402 3012 1600 3078 etiam
1646 3004 2023 3094 εὐαγγέλιον
2067 3005 2234 3074 κατὰ
2278 3005 2431 3086 τοὺς
2483 3000 2894 3084 ἀποστόλους

585 3131 978 3196 nominatum
1039 3151 1188 3197 esse
1243 3132 1490 3216 antiqui
1543 3132 1858 3196 narrent.2
1962 3131 2112 3196 Jam
2167 3135 2550 3213 argumenta
2600 3132 2897 3193 Credneri

585 3257 650 3315 et
705 3271 922 3316 eorum
980 3251 1088 3334 qui
1146 3250 1206 3316 ei
1269 3251 1745 3336 adstipulantur
1804 3248 2176 3334 singulatim
2235 3248 2575 3313 afferemus
2631 3253 2698 3312 et
2749 3267 2891 3332 per-

582 3369 1104 3455 penderabimus.
2631 3456 2635 3459 Α

761 3489 824 3575 1)
861 3491 1153 3556 Justinus
1186 3491 1366 3574 dicit,
1411 3491 1477 3555 in
1522 3489 2044 3555 memorabilibus
2072 3488 2512 3573 apostolorum
2544 3507 2893 3572 eorumque

583 3610 879 3676 comitum
927 3610 1161 3695 omnia,
1206 3629 1623 3693 quaecunque
1672 3608 1756 3673 ad
1791 3609 1834 3674 J
1837 3628 1953 3674 esu
1997 3610 2195 3675 vitam
2241 3613 2307 3674 et
2351 3604 2708 3671 doctrinam
2753 3626 2897 3692 per-

580 3728 850 3815 tineant,
879 3731 1147 3815 reperiri
1180 3730 1377 3817 (Apol.
1402 3732 1451 3813 I,
1476 3732 1578 3812 33,
1610 3751 1676 3814 p.
1710 3732 1862 3795 208:
1907 3721 2599 3814 ἀπομνημονεύσαντες
2639 3721 2896 3791 πάντα

579 3845 661 3914 τὰ
713 3851 863 3934 περὶ
915 3852 1035 3915 τοῦ
1091 3852 1384 3935 σωτῆρος
1434 3843 1627 3935 ἡμῶν
1678 3842 1879 3934 Ἰησοῦ
1931 3846 2269 3932 Χριστοῦ),
2324 3844 2495 3911 unde
2546 3850 2892 3910 Crednerus

581 3970 933 4052 concludit,
987 3968 1433 4036 memorabilia
1479 3968 1913 4054 apostolorum
1960 3988 2090 4033 non
2134 3965 2338 4032 solum
2384 3971 2656 4050 quatuor
2702 3985 2897 4033 evan·

720 4176 738 4215 ¹
784 4174 1026 4244 Beitrdye
1051 4174 1094 4242 Ι,
1132 4190 1183 4242 p.
1210 4176 1310 4227 265
1336 4189 1413 4242 sq.
1471 4171 1578 4227 Cfr.
1617 4174 1725 4227 Vol
1736 4176 2040 4236 kunnum,
2076 4172 2186 4225 Der
2220 4171 2494 4241 Ursprunq
2518 4190 2704 4225 unsrer
2725 4172 2901 4225 Evan-

573 4264 756 4342 gelien.
811 4276 864 4329 p.
893 4263 974 4315 91.

716 4346 741 4400 2
784 4345 846 4413 L.
873 4361 918 4413 c.
955 4362 1009 4430 p.
1030 4348 1146 4401 223.
