3264 5076
1074 1239 1451 1339 PARS
1527 1242 2173 1339 ALTERA.

457 1481 734 1570 QUID
809 1480 1231 1562 PATRES
1300 1480 1944 1562 APOSTOLICI
2018 1481 2156 1561 ET
2228 1484 2773 1567 APOLOGE·

456 1637 675 1719 ΤΑΕ
777 1634 1268 1715 SECUNDI
1365 1635 1829 1715 SAECULI
1925 1635 2076 1716 ΒΕ
2177 1637 2768 1719 L1BRORUM

630 1789 903 1872 NOVI
980 1786 1687 1869 TESTAMENTI
1767 1788 2553 1872 INSPIRATIONE

1248 1941 1970 2022 STATUERINT.

623 2149 885 2215 Multum
917 2149 1085 2213 inter
1113 2146 1454 2230 theologos
1486 2147 1722 2212 aetatis
1747 2154 2009 2214 nostrae
2035 2148 2283 2232 agitata
2306 2154 2406 2216 est
2439 2151 2764 2233 quaestio:

451 2266 708 2354 quando
754 2270 1023 2354 primum
1067 2266 1209 2331 libri
1254 2267 1507 2334 Veteris
1556 2273 1749 2350 atque
1777 2267 1946 2334 Novi
1988 2270 2389 2334 Testamenti
2422 2279 2487 2336 et
2519 2271 2763 2355 origine

451 2396 514 2455 et
559 2388 938 2454 auctoritate
987 2389 1069 2453 ab
1118 2387 1397 2452 ecclesia
1445 2386 1849 2470 aequiparati
1896 2387 2040 2453 sint.
2139 2389 2521 2474 Opinionem
2566 2389 2762 2475 plane

449 2510 843 2594 singularem
881 2508 1005 2573 hac
1053 2507 1120 2571 in
1158 2526 1240 2572 re
1270 2504 1689 2589 disquirenda
1733 2504 2022 2574 defendit
2060 2513 2363 2574 Henricus
2407 2512 2750 2574 Thierseh.¹

448 2633 510 2696 Is
565 2630 964 2696 sanctionem
1020 2626 1398 2711 antiquioris
1460 2630 1756 2712 canonis,
1822 2629 1927 2710 qui
1996 2629 2192 2695 libros
2246 2636 2478 2716 postea
2533 2623 2766 2714 ὁμολο-

444 2747 726 2836 γούμενα
771 2749 1137 2815 nominatos
1165 2747 1575 2831 continuerit,
1616 2747 1880 2813 exeunti
1914 2748 2271 2834 apostolico
2316 2749 2576 2814 saeculo
2618 2771 2760 2835 pro-

444 2877 671 2956 pterca
725 2867 1115 2952 assignavit,
1172 2867 1322 2952 quia
1371 2873 1556 2932 aetas
1605 2867 1735 2933 ista
1789 2868 2163 2953 productiva
2220 2889 2340 2934 sua
2398 2875 2464 2935 et
2522 2869 2753 2934 consti-

446 2990 650 3055 tutiva
711 2996 944 3054 natura
998 2987 1081 3053 ab
1143 2987 1536 3073 insequenti,
1599 3006 1767 3069 quae
1821 2984 2063 3053 tradita
2121 2986 2394 3054 fideliter
2456 2998 2520 3057 et
2579 2998 2756 3059 tena-

446 3110 602 3175 citer
646 3109 1070 3192 conservarit,
1126 3105 1501 3190 longissime
1549 3106 1821 3172 differat.
1907 3107 1995 3174 At
2046 3108 2316 3176 canonis
2373 3110 2751 3197 compositio

441 3229 668 3295 melius
735 3227 819 3293 ad
896 3228 1405 3295 conservativam
1483 3247 1677 3310 quam
1755 3226 1840 3292 ad
1920 3228 2395 3295 constitutivam
2465 3236 2750 3296 aetatem

441 3349 746 3432 refertur,
834 3346 1367 3433 quemadmodum
1444 3348 1642 3413 etiam
1727 3367 1934 3414 canon
2018 3348 2270 3416 Veteris
2348 3351 2755 3416 Testamenti

442 3489 597 3536 non-
635 3468 1018 3555 prophetica
1077 3474 1327 3562 aetate2
1391 3465 1510 3533 sed
1565 3469 2018 3534 conservativa
2084 3468 2225 3552 illa,
2297 3469 2477 3554 cujus
2522 3470 2754 3554 princi-

436 3609 555 3675 pes
586 3592 754 3655 Esra
790 3597 854 3655 et
883 3587 1203 3656 Nehemia
1238 3594 1401 3672 sunt,
1432 3594 1685 3653 coortus
1719 3594 1838 3655 est.
1908 3588 2192 3655 Maxime
2219 3588 2598 3655 Thierschio
2645 3590 2755 3655 ad·

432 3716 773 3776 versantur
809 3710 902 3775 illi
928 3708 1159 3793 critici,
1208 3707 1316 3791 qui
1366 3708 1631 3773 canonis
1663 3708 2062 3774 sanctionem
2107 3706 2322 3775 medio
2360 3709 2621 3775 sacculo
2656 3729 2756 3774 se-

435 3828 640 3895 cundo
680 3830 1099 3895 attribuentes
1138 3834 1291 3895 ante
1326 3826 1450 3894 hoc
1480 3834 1734 3913 tempus
1764 3834 1943 3894 certa
1971 3827 2415 3913 inspirationis
2444 3828 2750 3895 librorum

431 3950 597 4016 Novi
644 3949 1049 4015 Testamenti
1093 3948 1372 4031 vestigia
1437 3948 1610 4033 apud
1665 3957 1886 4032 patres
1941 3947 2260 4014 ecclesiae
2313 3949 2587 4015 inveniri
2643 3969 2753 4014 ne-

571 4187 589 4227 ¹
649 4188 870 4242 Versuch
904 4206 997 4242 zur
1032 4189 1365 4257 Herstelltmy
1401 4192 1490 4241 des
1527 4188 1867 4241 historischen
1902 4188 2286 4257 Standpunctes
2303 4187 2414 4256 fiir
2448 4189 2533 4241 die
2573 4188 2749 4241 Kritik

428 4278 520 4328 cler
563 4276 1098 4329 nemestamentlichen
1142 4272 1423 4342 Schrfflen.
1481 4288 1533 4339 p.
1560 4274 1660 4324 309
1698 4286 1777 4339 sq.
1850 4270 1957 4327 Cfr.
1994 4272 2301 4344 Ejusdem
2344 4274 2530 4343 Einiqe
2582 4275 2750 4328 Worte

428 4361 551 4413 iiber
586 4362 671 4412 die
711 4361 971 4414 Aechtheit
1008 4364 1099 4414 der
1136 4349 1668 4413 neutestamentlichen
1706 4356 1984 4425 Schrifien.
2033 4374 2084 4426 p.
2113 4359 2337 4412 83—87.
