3264 5076
1547 399 1635 474 89

439 648 718 710 γραπται
764 622 846 710 (e.
875 626 1018 709 101,
1067 647 1132 710 p.
1164 624 1335 712 340).
1386 663 1463 675 -
1510 621 1605 703 ως
1652 625 1725 692 ἐν
1766 639 1906 703 τοῖς
1950 619 2568 713 ἀπομνημονεύμασι
2609 628 2753 692 τῶν

438 737 831 812 ἀποστόλων
864 741 1226 830 δεδήλωται
1264 745 1344 830 (e.
1377 750 1517 831 102,
1563 767 1626 831 p.
1660 749 1827 826 344).
1866 783 1942 793 -—-
1982 739 2143 831 ὅπερ
2177 748 2290 812 καὶ
2319 745 2392 812 ἐν
2421 759 2559 822 τοῖς
2592 739 2753 811 ἀπο-

441 861 923 951 μνημονεύμασι
953 867 1094 930 των
1120 860 1515 933 ἀποστόλων
1543 859 1748 931 αὕτοῦ
1768 866 2124 951 γέγραπται
2140 861 2498 951 γενόμενον
2511 864 2593 952 (e.
2615 868 2755 951 104,

442 1005 505 1069 p.
532 981 707 1068 350).
755 1020 835 1030 —
882 977 977 1060 (ὃς
1019 977 1152 1051 ἀπὸ
1193 987 1335 1051 τῶν
1371 978 2063 1071 ἀπομνημονευμάτων
2108 981 2440 1070 ἐμάθομεν
2487 983 2570 1071 (e.
2612 987 2750 1069 105,

438 1123 501 1187 p.
534 1101 708 1188 352).
756 1139 841 1148 —
885 1097 978 1180 ὠς
1022 1106 1134 1170 καὶ
1178 1102 1252 1170 ἐκ
1293 1106 1434 1170 τῶν
1477 1097 2170 1192 ἀπομνημονευμάτων
2214 1105 2326 1171 καὶ
2367 1105 2567 1171 τοῦτο
2603 1103 2781 1192 ἔμαῃ

441 1226 574 1285 θον
619 1219 789 1305 (ibid.
834 1243 897 1307 p.
930 1223 1107 1308 354).
1162 1261 1245 1272 -—-
1301 1226 1507 1290 ταῦτα
1567 1224 1893 1311 εἰρηκέναι
1947 1223 2020 1291 ἐν
2075 1237 2213 1302 τοῖς
2265 1216 2753 1310 ἀπομνημονεύ-

436 1360 590 1424 μασι
632 1342 989 1426 γέγραπται
1021 1341 1244 1429 (ibid).
1289 1381 1377 1393 —
1419 1338 1513 1421 οὖς
1541 1345 1654 1410 καὶ
1682 1343 1755 1410 ἐν
1782 1357 1922 1420 τοῖς
1962 1337 2579 1431 ἀπομνημονεύμασι
2615 1345 2757 1409 τῶν

443 1455 836 1528 ἀποστόλων
867 1463 1174 1548 δηλοῦται
1217 1464 1646 1550 γεγενημένον
1679 1469 1755 1543 (e.
1790 1467 1926 1550 106,
1955 1486 2017 1549 p.
2044 1467 2212 1544 356).
2282 1464 2420 1530 Has
2450 1463 2756 1530 formulas

446 1579 596 1645 dicit
612 1586 955 1647 Crednerus
978 1603 1019 1648 a
1040 1583 1431 1650 solemnibus
1449 1583 1758 1668 formulis,
1781 1584 2007 1669 quibus
2025 1589 2063 1648 J
2068 1585 2314 1650 ustinus
2325 1584 2392 1649 in
2411 1582 2757 1649 laudandis

444 1699 694 1767 Veteris
716 1704 1114 1770 Testamenti
1146 1703 1303 1771 loeis
1335 1692 1491 1769 usus
1519 1704 1620 1782 sit,
1649 1703 2082 1771 alienissimae
2107 1705 2215 1770 vix
2235 1703 2492 1770 differre
2514 1702 2597 1768 ab
2620 1704 2759 1788 ejus

447 1827 741 1887 auctores
772 1842 1045 1906 graecos
1077 1822 1411 1907 allegandi
1454 1824 1725 1902 ratione,
1756 1825 1962 1891 velut:
2016 1817 2336 1890 ἀκούσατε
2366 1824 2478 1889 καὶ
2506 1828 2757 1906 Σωφο-

450 1940 681 2018 κλέους
709 1935 923 2018 οὕτως
948 1942 1257 2027 λέγοντος
1296 1941 1473 2027 (ΟοΙι.
1511 1950 1599 2009 ad
1641 1949 1742 2008 Gr.
1790 1964 1841 2010 e.
1878 1946 1974 2030 18,
2017 1965 2079 2029 p.
2107 1943 2240 2027 36).
2287 1978 2366 1988 —
2414 1943 2526 2009 καὶ
2555 1945 2760 2008 ταῦτα

443 2058 561 2143 μὲν
592 2058 665 2125 ἐν
697 2063 795 2147 τῷ
837 2058 1088 2148 πρώτῳ
1114 2064 1231 2148 τῆς
1256 2064 1587 2140 πολιτείας
1618 2059 1954 2143 (Πλάτων)
1990 2056 2285 2148 1γέγραφε
2315 2057 2496 2148 λόγῳ
2545 2059 2624 2147 (e.
2648 2065 2752 2146 26,

452 2198 513 2262 p.
547 2178 681 2265 76).
719 2216 797 2227 —-
831 2174 1007 2246 οὕτω
1034 2178 1157 2267 γὰρ
1192 2181 1265 2247 ἐν
1298 2184 1398 2269 τῷ
1436 2184 1679 2268 Τιμαίῳ
1712 2182 1996 2268 γέγραφε
2029 2180 2277 2268 (ibid.)¹
2352 2184 2440 2248 At
2467 2182 2759 2248 Justinus

447 2319 572 2364 uno
605 2307 775 2365 certe
819 2301 961 2366 loeo
996 2302 1443 2369 memorabilia
1479 2301 1726 2386 allegat
1762 2302 2035 2368 solemni
2070 2301 2342 2367 formula
2384 2302 2760 2387 γέγραπται,

452 2423 606 2484 Dial.
644 2441 695 2485 c.
729 2426 829 2486 Tr.
878 2441 930 2486 e.
970 2427 1117 2506 111,
1163 2443 1223 2506 p.
1252 2424 1410 2487 370:
1467 2423 1599 2488 Καὶ
1644 2414 1746 2488 ὅτι
1793 2420 1866 2488 ἐν
1909 2415 2119 2510 ἡμέρᾳ
2160 2423 2280 2486 τοῦ
2321 2416 2541 2505 πάσχα
2585 2438 2762 2486 συνε-

447 2535 670 2620 λάβετε
714 2534 917 2608 αὐτὸν
945 2542 1058 2608 καὶ
1088 2534 1333 2627 ὁμοίως
1370 2542 1442 2609 ἐν
1473 2545 1573 2628 τῷ
1600 2537 1822 2632 πάσχᾳ
1866 2536 2332 2627 ἐσταυρώσατε,
2376 2541 2756 2627 γέγραπται.

448 2659 708 2746 Allegat
760 2660 1021 2744 quidem
1076 2662 1414 2746 aliquoties
1473 2662 1651 2729 loeos
1705 2661 2241 2729 Pentateuehioos
2309 2660 2500 2727 simili
2565 2658 2757 2726 modo

447 2801 569 2864 quo
626 2780 961 2868 vaticinia3
1030 2782 1148 2848 sed
1209 2780 1528 2847 interdum
1588 2782 1784 2848 etiam
1836 2782 1957 2869 ita,
2020 2789 2090 2848 ut
2152 2802 2498 2867 personam
2556 2781 2757 2846 Mosis

450 2901 654 2983 primo
715 2902 858 2967 loeo
917 2901 1212 2968 collocet:
1272 2902 1556 2987 γέγραφε
1599 2904 1854 2989 Μωσῆς
1911 2895 2004 2979 ὥς
2060 2905 2178 2968 τοῦ
2229 2904 2393 2968 θεοῦ
2445 2901 2596 2985 περὶ
2646 2902 2761 2987 τῆς

453 3022 688 3107 σκηνῆς
729 3016 896 3105 πρὸς
940 3013 1145 3086 αὐτὸν
1190 3016 1526 3107 εἰρηκότος
1570 3015 1785 3098 οὕτως
1830 3021 2004 3106 (Coh.
2037 3027 2124 3086 ad
2163 3027 2264 3086 Gr.
2313 3042 2363 3087 e.
2397 3024 2508 3106 29,
2555 3042 2619 3106 p.
2648 3019 2759 3103 88)

456 3141 560 3207 vel
602 3136 681 3205 τὸ
724 3139 1029 3216 Μωσέως
1066 3133 1243 3205 οὕτω
1281 3142 1431 3226 περὶ
1456 3142 1571 3227 τῆς
1616 3142 1855 3228 σκηνῆς
1900 3142 2193 3227 σημαίνει
2235 3136 2494 3226 γράμμα
2541 3137 2762 3227 (ibid).

442 3261 528 3325 At
582 3281 665 3327 ne
718 3266 934 3347 potest
986 3258 1248 3342 quidem
1305 3261 1749 3327 memorabilia
1810 3263 2245 3347 apostolorum
2292 3259 2525 3327 eodem
2570 3257 2760 3325 modo

449 3401 568 3464 quo
593 3380 775 3448 loeos
807 3378 1344 3446 Pentateuehicos
1378 3379 1627 3448 afferre.
1675 3382 1842 3446 Nam
1876 3382 1931 3447 si
1961 3380 2409 3447 memorabilia
2439 3379 2763 3464 apostolo-

450 3520 586 3565 rum
617 3506 944 3584 tamquam
976 3519 1171 3565 unam
1204 3500 1246 3566 J
1249 3518 1363 3565 esu
1394 3500 1767 3586 imaginem,
1815 3522 2007 3566 unum
2047 3501 2297 3585 librum,
2343 3520 2540 3565 unum
2572 3518 2762 3565 evan-

451 3620 686 3704 gelium
722 3619 909 3708 (Dial.
946 3641 998 3685 ο.
1039 3626 1137 3685 Tr.
1185 3640 1236 3685 e.
1280 3622 1419 3704 100,
1471 3642 1533 3705 p.
1568 3621 1724 3705 334)
1764 3621 1904 3705 vel,
1950 3628 2018 3686 ut
2058 3620 2315 3687 Irenaei
2349 3619 2565 3687 verbis
2595 3624 2762 3703 utar,

449 3744 772 3824 tamquam
831 3735 1288 3826 τετράμορφον
1344 3732 1748 3824 εὐαγγέλιον,
1807 3736 1904 3806 ἑνὶ
1954 3738 2273 3827 πνεύματι
2328 3735 2765 3825 συνεχόμενον

453 3859 845 3943 eonsiderat,
904 3866 969 3926 et
1014 3861 1094 3927 ob
1150 3858 1217 3924 id
1274 3859 1484 3944 ipsum
1540 3859 1919 3945 seriptorum
1975 3860 2239 3925 nomina
2290 3857 2765 3946 praetermittit,

457 3980 593 4062 quis
615 4001 746 4047 non
772 3979 951 4048 videt
981 4000 1064 4046 ne
1095 3979 1381 4065 potuisse
1416 3977 1676 4063 quidem
1705 3981 2023 4046 Justinum
2049 3980 2258 4047 loeum
2290 3979 2611 4065 quendam
2638 3997 2769 4042 me-

588 4271 608 4310 1
654 4271 740 4325 De
762 4270 1116 4339 inspiratione
1149 4286 1201 4339 p.
1230 4272 1298 4323 55
1324 4284 1403 4338 sq.
1463 4272 1707 4341 Beitrciqe
1743 4267 1786 4338 Ι,
1823 4288 1877 4339 p.
1910 4272 2008 4322 126
2033 4285 2112 4339 sq.
2174 4270 2282 4326 Cfr.
2318 4272 2769 4325 Landererum

454 4352 488 4408 l.
513 4370 556 4410 c.
592 4373 645 4425 p.
672 4359 787 4412 275.
