3264 5076
1571 378 1663 453 38

520 566 532 584 ·
623 604 963 690 Dietitant‚
1009 604 1284 689 gentiles
1328 608 1588 675 tametsi
1634 606 1808 695 apud
1854 627 1970 675 eos
2015 603 2402 675 scintillulae
2447 600 2768 689 quaedam

450 725 740 793 veritatis
800 745 841 790 a
897 718 1076 810 λόγῳ
1130 730 1549 814 σπερματικοῦ
1608 726 1937 814 profectae
1991 726 2402 794 inveniantur
2451 725 2770 808 integram

452 852 673 911 tamen
715 844 1052 911 veritatem
1100 865 1232 910 non
1275 845 1578 933 habere¹‚
1622 847 1689 913 id
1736 847 1904 931 quod
1949 846 2234 913 maxima
2261 846 2379 912 illa
2407 844 2573 910 inter
2601 843 2770 928 sapi-

426 970 639 1031 -entes
682 983 899 1031 eorum
939 962 1258 1030 dissensio
1303 967 1671 1053 ostendat23
1723 968 2018 1051 integrae
2064 966 2232 1033 enim
2277 965 2566 1033 veritatis
2597 962 2772 1030 tosti-

453 1307 579 1363 μεν
624 1291 797 1357 (Apol.
822 1287 865 1354 Ι,
904 1290 988 1354 53,
1024 1304 1077 1357 p.
1103 1289 1275 1356 240).;
1324 1294 1716 1362 Auyuseinns
1759 1297 1965 1346 autem:
2016 1291 2136 1359 Ego
2173 1306 2301 1345 vero
2338 1287 2615 1357 evangelio
2657 1302 2766 1339 non

445 1373 743 1441 crederem,
781 1376 890 1428 nisi
928 1392 1003 1426 me
1036 1376 1322 1430 catholicae
1346 1380 1593 1432 ecclesiae
1617 1388 1943 1433 commoveret
1977 1379 2260 1431 auctoritas
2289 1374 2506 1441 (Contra
2531 1392 2607 1445 ep.
2629 1372 2767 1442 sun-

446 1463 673 1516 damemi
708 1474 752 1516 c·
779 1459 866 1524 V).

587 1571 604 1612 ¹
659 1574 807 1640 Apol.
832 1570 903 1634 ll,
936 1573 1016 1637 13,
1054 1587 1106 1639 p.
1135 1574 1262 1626 312:
1303 1571 1574 1632 Ἕκαστος
1606 1568 1721 1643 γάρ
1756 1591 1839 1633 τις
1874 1568 1985 1628 ἀπὸ
2018 1569 2222 1647 μέρους
2257 1573 2351 1626 τοῦ
2385 1570 2764 1643 σπερματικοῦ

450 1660 608 1711 θείου
642 1654 807 1726 λόγου
842 1652 904 1709 τὸ
939 1654 1210 1728 συγγενὲς
1244 1654 1391 1726 ὁρῶν
1424 1659 1606 1717 καλῶς
1640 1653 1979 1730 ἐφθέγξατο.
2005 1702 2016 1714 .
2046 1703 2057 1715 .
2086 1702 2099 1715 .
2163 1658 2227 1711 Οἱ
2262 1653 2372 1729 γὰρ
2409 1657 2763 1727 συγγραφεῖς

447 1741 652 1802 πάντες
699 1737 793 1794 διὰ
840 1744 934 1811 τῆς
981 1736 1210 1813 ἐνούσης
1267 1737 1514 1815 ἐμφύτου
1559 1746 1652 1797 τοῦ
1707 1739 1872 1815 λόγου
1922 1748 2138 1812 σπορᾶς
2186 1741 2446 1816 ἀμυδρῶς
2497 1735 2761 1793 §di-vano

447 1826 586 1901 ὁρᾶν
620 1824 688 1882 τὰ
720 1824 917 1882 πάντα.
966 1858 1030 1868 --
1074 1832 1223 1899 Apol.
1249 1828 1290 1895 Ι,
1317 1833 1402 1896 46,
1440 1846 1493 1898 p.
1522 1829 1649 1882 230:
1704 1830 1768 1882 Οἱ
1800 1829 1941 1903 μετὰ
1978 1825 2142 1902 λόγου
2176 1825 2479 1898 βιώσαντες
2513 1843 2762 1897 χριστια-

448 1918 533 1969 νοί
578 1913 722 1977 εἱσι,
764 1912 873 1966 κᾶν
917 1911 1080 1967 ἄθεοι
1128 1910 1540 1986 ἐνομίσθησαν,
1596 1907 1721 1968 οἶον
1766 1911 1830 1968 ἐν
1867 1916 2097 1987 ’Ἑλλησι
2150 1912 2260 1988 μέν
2310 1907 2611 1983 Σωκράτης
2662 1909 2757 1964 καὶ

435 1995 790 2072 Ἡράκλειτος
821 2001 916 2052 καὶ
953 2000 1007 2052 οἱ
1048 1999 1227 2072 ὅμοιοι
1265 1997 1447 2058 αι”τοῒς
1473 2002 1584 2054 κτλ.
1620 2031 1691 2039 -
1728 2006 1880 2071 Apol.
1906 2001 1976 2068 11,
2012 2006 2087 2069 10,
2128 2018 2181 2070 p.
2212 2002 2337 2054 304:
2368 1999 2498 2052 Ὅσα
2524 1992 2635 2068 γὰρ
2658 2015 2754 2048 κα·

442 2087 548 2143 λῶς
574 2083 660 2137 ἀεὶ
687 2081 1046 2155 ἐφθέγξαντο
1080 2085 1174 2138 καὶ
1211 2077 1378 2154 εὗρον
1402 2085 1458 2138 οἱ
1490 2082 1984 2158 φιλοσοφήσαντες
2020 2084 2052 2157 ἢ
2090 2079 2583 2159 νομοθετήσαντες,
2619 2076 2759 2134 κατὰ

443 2167 605 2241 λόγου
648 2169 820 2243 μέρος
872 2168 1144 2241 εὑρέσεως
1197 2172 1293 2224 καὶ
1354 2173 1598 2240 θεωρίας
1644 2168 1764 2226 ἐστὶ
1817 2172 2140 2242 πονηθέντα
2195 2168 2397 2229 αὐτοῖς.
2475 2161 2754 2235 Ἐπειδὴ

441 2256 515 2310 δὲ
559 2253 630 2308 οὗ
677 2252 894 2309 πάντα
947 2252 1024 2309 τὰ
1062 2260 1172 2309 τοῦ
1219 2253 1418 2328 λόγου
1473 2255 1901 2329 ἐγνώρισαν,
1959 2258 2027 2317 ὃς
2076 2254 2222 2312 ε’στι
2270 2248 2597 2328 Χριστός,
2642 2252 2754 2305 καὶ

445 2337 728 2395 ἐναντία
766 2339 1037 2401 ἑαυτοῖς
1071 2339 1396 2403 πολλάκις
1432 2338 1647 2399 εἶπον.

578 2454 601 2493 2
653 2452 771 2506 Coh-
797 2457 869 2507 ad
898 2455 989 2508 Gr.
1029 2469 1072 2508 c,
1103 2457 1151 2521 7,
1189 2471 1240 2524 p.
1269 2457 1360 2509 30:
1407 2454 1473 2507 Τί
1509 2456 1696 2508 τοίνυν
1732 2455 1913 2508 αἴτιον
1950 2454 2043 2508 τοῦ
2076 2451 2152 2527 μὴ
2188 2449 2330 2527 πρὶς
2366 2446 2628 2521 άλλὴλους
2660 2445 2757 2523 μό·

443 2559 558 2602 νον,
611 2533 746 2592 άλλὰ
782 2538 877 2592 καὶ
915 2535 1054 2610 πρὸς
1087 2535 1312 2600 ἑαυτοὺς
1354 2535 1697 2605 στασιάζειν,
1744 2540 1867 2600 τοῦς
1913 2538 2045 2612 παρ’
2082 2537 2218 2615 ὑμῖν
2254 2537 2631 2613 νομισθέντας
2663 2554 2757 2607 γε·

437 2628 718 2695 γενῆσθαι
746 2618 986 2694 συφοῦς;
1023 2655 1091 2664 -
1125 2628 1266 2681 Ibid.
1302 2642 1354 2695 p.
1381 2629 1475 2680 32:
1516 2625 1654 2685 ὅλως
1690 2621 1919 2686 ἄτακτός
1950 2645 2031 2685 τις
2063 2629 2157 2681 και·
2184 2621 2527 2698 ἀσύμφωνος
2561 2621 2593 2695 ἡ
2622 2619 2755 2694 παρ’

441 2708 627 2769 αὐτοῖς
661 2709 963 2784 κεκράτηκε
1000 2708 1161 2775 δόξα,
1212 2709 1296 2764 ἔνι’
1340 2707 1494 2786 μόνῳ
1530 2717 1647 2770 τοῖς
1684 2710 1869 2781 ὀρθῶς
1901 2714 2121 2782 κρίνειν
2160 2710 2493 2784 δυναμένοις
2527 2704 2758 2762 ἐπαίνου

441 2793 568 2853 ἆξία
613 2795 958 2868 φαινομένη,
1009 2795 1088 2850 ὅτι
1144 2796 1537 2868 πλανωμένους
1589 2799 1685 2851 καὶ
1728 2792 1804 2870 μὴ
1850 2794 1896 2851 τ’
1951 2796 2134 2868 ἀληθῆ
2186 2797 2452 2868 λέγοντας
2497 2788 2757 2865 ἀλλήλους

439 2878 697 2953 ἐλέγχειν
732 2876 1090 2955 προῄρηνται.
1138 2911 1202 2921 --
1250 2884 1386 2938 Ibid.
1426 2898 1470 2939 c.
1496 2885 1554 2952 8,
1600 2900 1654 2952 p.
1681 2885 1771 2937 32:
1822 2880 1988 2938 οὐδὲν
2024 2880 2230 2953 ἀληθές
2264 2882 2396 2951 περὶ
2433 2881 2758 2949 θεοσεβείας

437 2966 590 3039 παρὰ
634 2970 743 3021 τῶν
784 2965 1065 3037 ὑμετέρων
1114 2964 1470 3020 διδασκάλων
1511 2964 1835 3041 μανθάνειν
1879 2964 1996 3022 ἐστὶ
2055 2963 2316 3031 δυνατόν,
2366 2961 2570 3037 ἱκανὴν
2619 2961 2752 3037 ὑμῖν

437 3049 728 3111 ἀπόδειξιν
762 3055 861 3123 τῆς
901 3048 1113 3105 ἑαυτῶν
1148 3049 1380 3123 α’γνοίας
1416 3051 1512 3106 διὰ
1549 3056 1647 3124 τῆς
1683 3049 1822 3127 πρὸς
1869 3048 2134 3124 ἀλλήλους
2177 3048 2425 3111 στάσεως
2475 3067 2754 3122 παρεσχη-

435 3134 628 3193 κότων.
664 3169 729 3178 -
773 3140 861 3194 Or.
888 3142 963 3193 ad
1002 3140 1094 3193 Gr.
1133 3154 1177 3193 c,
1203 3140 1253 3204 3,
1292 3141 1456 3207 p.16:
1496 3136 1713 3209 Διόπερ
1748 3133 1826 3212 μή
1863 3138 2343 3210 παρασυρέτωσαν
2377 3134 2522 3211 ῦμᾶς
2556 3136 2617 3189 αἱ
2641 3136 2755 3189 τῶν

433 3220 771 3294 φιλοσόφων
817 3223 913 3277 καί
960 3219 1022 3277 οἷ·
1070 3220 1407 3295 φιλοσόφων
1451 3222 1816 3296 πανηγίρεις,
1870 3224 2074 3284 οἵτινες
2116 3214 2344 3278 ἐναντία
2386 3222 2497 3296 μὲν
2540 3218 2755 3279 ἑαυτοῖς

436 3310 890 3381 δογματίζουσιν·
936 3304 1075 3362 κατὰ
1123 3307 1186 3362 δὲ
1221 3304 1281 3362 τὸ
1317 3304 1564 3364 ἐπελθὸν
1598 3307 1828 3371 ἕκαστος
1873 3306 2256 3381 έκπεφώνηκε.
2308 3339 2368 3348 -
2412 3310 2554 3363 Ιῦἰιὶ.
2591 3322 2636 3362 e.
2662 3309 2748 3374 25,

433 3412 487 3463 Ρ.
514 3397 623 3450 102.
655 3398 775 3450 104:
812 3394 941 3453 Τοῖς
964 3392 1261 3452 Πλάτωνος
1288 3391 1395 3467 ἕπῃ
1421 3390 1667 3469 δόγμασι
1685 3411 1697 3424 ·
1722 3397 1819 3449 καὶ
1845 3393 1875 3449 ὅ
1896 3394 2015 3450 κατ’
2038 3394 2373 3465 Ἐπίκουρον
2399 3387 2751 3463 σοφιστεύων

434 3478 764 3551 διαπρύσιος
808 3478 1142 3533 ἇνθίσταταί
1187 3498 1294 3532 σοι.
1365 3477 1553 3535 Πάλιν
1596 3500 1657 3534 τε
1703 3476 1851 3535 εἶναι
1902 3481 2090 3540 θέλεις
2132 3476 2272 3535 κατὰ
2318 3476 2416 3533 τὸν
2459 3475 2750 3548 Ἀριστοτέ-

430 3567 555 3636 λην·
602 3568 698 3620 καί
744 3582 828 3625 τις
859 3563 997 3619 κατὰ
1045 3560 1140 3618 τόν
1176 3559 1530 3637 Δημόκριτον
1563 3567 1903 3640 λοιδορεῖταί
1946 3586 2034 3619 σοι
2040 3605 2253 3622 ......
2307 3560 2653 3621 Στασιώδεις
2685 3560 2748 3616 δὲ

430 3649 652 3722 ἔχοντες
705 3655 817 3705 τῶν
860 3646 1155 3724 δογμάτων
1201 3651 1295 3709 τὰς
1350 3648 1624 3722 διαδοχάς
1668 3649 2001 3724 ἀσύμφωνοι
2049 3648 2193 3721 πρὸς
2242 3646 2367 3709 τοὺς
2411 3644 2746 3720 συμφώνους

427 3733 642 3796 ἑαυτοῖς
688 3731 1055 3809 διαμάχεσθε.
1099 3768 1167 3776 -
1212 3739 1393 3809 Suppl.
1422 3757 1507 3808 pr.
1551 3739 1672 3793 Chr.
1710 3754 1754 3792 c.
1783 3743 1828 3805 7,
1877 3754 1930 3807 p.
1956 3741 2038 3792 34.
2065 3741 2158 3791 313:
2211 3735 2449 3805 Ποιηταὶ
2492 3733 2602 3806 μὲν
2636 3730 2747 3805 γὰρ

428 3823 522 3874 καὶ
571 3820 907 3894 φιλόσοφοι,
954 3819 1026 3882 ὥς
1068 3823 1162 3875 καὶ
1198 3827 1313 3881 τοῖς
1349 3822 1557 3886 ἄλλοις,
1605 3818 1880 3891 ἐπέβαλον
1917 3833 2013 3887 (sc,
2042 3819 2211 3896 τοῦτῳ
2256 3823 2388 3890 περὶ
2429 3823 2522 3874 τοῑ
2563 3822 2743 3884 θείου)

429 3911 827 3978 στοχαστικῶς,
874 3907 1204 3978 κινηθέντες
1236 3906 1345 3979 μὲν
1377 3904 1516 3961 κατὰ
1551 3904 1915 3980 συμπάθειαν
1952 3911 2048 3979 τῆς
2083 3903 2238 3980 παρά
2271 3907 2364 3960 τοῦ
2401 3908 2536 3961 θεοῦ
2574 3908 2748 3976 πνοῆς

426 3992 539 4046 ὑπὸ
574 3995 667 4063 τῆς
704 3989 867 4052 αὐτὸς
900 3990 1065 4046 αὐτοῦ
1101 3996 1288 4063 ψυχῆς
1322 3988 1550 4051 ἕκαστος
1576 3995 1828 4063 ζητῆσαι,
1866 3992 1915 4047 εἰ
1943 3989 2174 4052 δυνατὸς
2209 3989 2402 4060 εὗρεῖν
2425 3991 2520 4045 καὶ
2549 3993 2745 4063 νοῆσαι

429 4074 543 4147 τὴν·
568 4073 868 4150 ἀλήθειαν·
907 4081 1166 4133 τοσοῦτον
1203 4077 1266 4131 δὲ
1304 4078 1644 4149 δυνηθέντες
1683 4079 1815 4132 ὅσον
1852 4082 2186 4150 περινοῆσαι
2222 4075 2325 4150 οὐχ
2360 4076 2635 4150 εἶ’·ρηνται,
2675 4074 2748 4136 ὥς

427 4163 490 4217 οὗ
536 4161 689 4236 παρά
726 4167 864 4218 θεοῦ
908 4165 1040 4234 περὶ
1090 4165 1227 4216 θεοῦ
1279 4158 1613 4222 ἆξιώσαντες
1657 4169 1873 4236 μαθεῖν
1909 4162 2047 4218 ἀλλὰ
2095 4161 2227 4236 παρ’
2272 4160 2438 4216 αὐτοῦ
2485 4158 2741 4221 ἕκαστος·

428 4246 517 4303 διὸ
551 4252 644 4303 καὶ
683 4248 842 4309 ἄλλος
879 4250 1055 4308 ἄλλως
1089 4242 1464 4320 ἐδογμάτισεν
1498 4248 1684 4303 αὐτῶν
1715 4251 1811 4304 καὶ
1850 4252 1980 4322 περὶ
2019 4253 2155 4304 θεοῦ
2191 4250 2286 4303 καὶ
2325 4250 2454 4318 περὶ
2491 4247 2622 4319 ὕλης
2643 4249 2740 4301 καὶ

423 4340 557 4410 περὶ
593 4335 765 4391 εἰδῶν
797 4336 893 4390 καὶ
927 4335 1058 4408 περὶ
1092 4330 1318 4407 κόσμου.
