3264 5076
297 533 406 741 ‘l

1580 363 1775 467 „74

1795 461 1887 468 —ff—

558 587 797 656 Christi
857 588 1167 674 originem
1226 589 1593 675 signifieat¹
1653 599 1719 659 et
1761 590 2137 660 recordatur
2178 593 2305 659 loei
2349 593 2540 660 Joan.
2575 593 2718 703 ¹²3⁹
2775 593 2884 661 ubi

561 708 787 776 fideles
832 730 960 776 non
1005 731 1087 777 ex
1132 709 1412 777 humano
1457 711 1806 796 sanguine,
1863 709 1982 778 sed
2027 732 2064 779 e
2111 713 2253 781 Deo
2297 720 2489 779 natos
2535 733 2685 779 esse
2731 714 2883 798 legi-

561 849 733 913 muS,
797 851 990 914 quum
1055 828 1140 896 de
1202 829 1458 897 Christo
1517 829 1703 917 dicit:
1772 827 2085 916 ἐμηνύετο
2149 825 2276 897 οὐκ
2329 830 2402 914 ἐξ
2455 825 2881 917 ἀνθρωπείου

559 950 930 1035 σπέρματος
963 945 1352 1036 γενήσεσθαι
1384 947 1465 1016 τὸ
1499 945 1658 1036 αἱμα
1692 949 1860 1034 (scil.
1882 948 2199 1037 Χριστοῦ)
2232 943 2378 1016 ἀλλ’
2421 949 2496 1016 ἐκ
2539 948 2878 1035 δυνάμεως

554 1070 791 1150 θεοῦ2;
844 1068 1131 1135 innititur
1185 1068 1379 1136 etiam
1431 1071 1571 1137 loeo
1623 1071 1899 1154 Joan.1‚
1944 1073 2045 1155 20,
2085 1073 2164 1134 23
2218 1070 2321 1137 his
2373 1071 2615 1138 verbis:
2681 1064 2878 1147 αὐτὸς
2909 1044 2930 1053 ²

559 1184 748 1269 ἐβόα·
794 1182 917 1255 οὔκ
949 1188 1077 1275 εἰμὶ
1108 1181 1146 1253 ὃ
1183 1186 1482 1274 Χριστὸς,
1515 1182 1685 1255 ἀλλὰ
1717 1185 1912 1276 φωνὴ
1938 1192 2265 1271 βοῶντος·
2309 1185 2448 1277 ἥξει
2475 1186 2599 1275 γὰρ
2636 1183 2673 1255 ὁ
2703 1189 2875 1275 ἰσχυ-

552 1302 822 1392 ρότερός
850 1330 996 1392 μου,
1036 1297 1115 1374 οὗ
1145 1301 1270 1374 οὐκ
1302 1308 1431 1394 εἰμὶ
1463 1304 1690 1386 ἱκανὸς
1724 1305 1807 1374 τὰ
1829 1301 2216 1396 ὑποδήματα
2236 1305 2625 1389 βαστάσαι3;
2664 1308 2876 1394 prima

556 1427 728 1493 enim
753 1429 958 1494 verba
988 1426 1165 1512 apud
1194 1428 1434 1493 nullum
1469 1429 1666 1493 alium
1698 1429 2248 1512 evangelistarum
2282 1429 2596 1494 exstant.⁴
2673 1428 2875 1507 Quar-

553 1553 685 1612 tum
720 1547 1126 1629 evangelium
1160 1554 1415 1633 spectat
1442 1548 1638 1614 etiam
1661 1552 2007 1614 Dialcfflr.
2042 1569 2095 1613 e.
2109 1551 2211 1633 69,
2237 1569 2301 1633 p.
2325 1550 2477 1614 236:
2512 1540 2551 1615 ὃ
2574 1544 2874 1632 Χριστὸς,

554 1660 630 1743 ὃς
657 1668 769 1732 καὶ
798 1664 872 1731 ἐν
900 1668 1001 1750 τῷ
1040 1666 1212 1752 γένει
1256 1660 1448 1752 ὑμῶν
1479 1667 1831 1750 πέφανται,
1875 1669 1988 1733 καὶ
2028 1663 2206 1744 τοὺς
2250 1666 2334 1732 ἐκ
2377 1669 2694 1753 γενετῆς
2733 1691 2873 1754 πη·

552 1781 740 1870 ροὺς
781 1788 894 1852 καὶ
935 1782 1209 1868 κωφοὺς
1247 1787 1360 1852 καὶ
1401 1783 1661 1870 χωλοὺς
1704 1781 1962 1865 ἰάσατο,
2017 1782 2139 1852 τὸν
2178 1786 2301 1871 μὲν
2341 1779 2691 1864 ἅλλεσθαι,
2745 1783 2866 1852 τὸν

553 1904 624 1970 δὲ
667 1906 778 1970 καὶ
821 1898 1109 1984 ἀκούειν,
1154 1900 1277 1971 τὸν
1301 1905 1373 1971 δὲ
1410 1906 1523 1970 καὶ
1561 1897 1728 1990 ὁρᾶν
1757 1906 1858 1991 τῷ
1884 1901 2066 1991 λόγῳ
2105 1898 2309 1971 αὐτοῦ
2334 1901 2630 1992 ποιήσας.
2700 1905 2868 1970 Nam

549 2025 591 2090 J
594 2045 771 2091 esum
844 2022 1139 2091 homines
1193 2043 1471 2110 quoque,
1539 2025 1649 2108 qui
1707 2045 1791 2091 ex
1855 2029 1997 2090 ortu
2063 2025 2242 2091 eaeei
2309 2031 2521 2109 erant,
2592 2044 2866 2090 sanasse

550 2144 768 2209 nescio
838 2142 1009 2210 unde
1084 2144 1377 2210 Justinus
1454 2143 1832 2226 cognoverit
1909 2144 2034 2209 nisi
2103 2164 2185 2210 ex
2251 2145 2438 2211 Joan.
2485 2145 2594 2229 IX,
2653 2148 2676 2207 1
2725 2163 2866 2227 sqq.

549 2262 976 2347 Profugerunt
1019 2261 1282 2345 quidam
1328 2261 1416 2327 ad
1458 2263 1624 2329 Aeta
1668 2263 1887 2341 Pilati,
1942 2262 2049 2328 ubi
2094 2263 2259 2329 inter
2304 2263 2681 2330 defensores
2710 2264 2752 2329 J
2755 2284 2867 2329 esu

552 2380 744 2449 homo
791 2403 1022 2450 eaeeus
1068 2389 1198 2467 est,
1244 2382 1353 2466 qni
1397 2381 1578 2448 dicit:
1624 2378 1755 2467 ἐγώ
1807 2377 2059 2466 τυφλὸς
2103 2379 2481 2470 ἐγεννήθην.
2580 2385 2666 2449 At
2707 2381 2869 2449 illud

548 2502 757 2587 ipsum
803 2501 878 2569 ἐκ
904 2504 1163 2588 γενετῆς
1196 2522 1327 2569 non
1361 2502 1428 2568 in
1454 2501 1636 2568 Actis
1665 2501 1880 2588 Pilati,
1920 2502 2039 2570 sed
2082 2502 2151 2569 in
2194 2504 2538 2589 evangelio
2569 2505 2867 2571 Joanneo

549 2621 836 2706 legitur.⁵
897 2624 1061 2689 Sunt
1090 2622 1353 2708 insuper
1383 2622 1494 2687 alii
1523 2621 1668 2707 loei,
1699 2621 1928 2704 quibus
1959 2622 2253 2689 Justinus
2283 2624 2326 2689 J
2328 2624 2560 2690 oannis
2589 2625 2872 2709 vestigia

554 2741 855 2824 sequitur.
946 2741 1389 2823 Defungamur
1432 2740 1682 2808 duobus
1730 2747 1900 2808 eerte
1946 2743 2281 2828 exemplis.
2370 2746 2446 2809 In
2487 2750 2653 2823 Apol.
2684 2746 2734 2827 I,
2764 2747 2868 2827 52,

548 2882 611 2946 p.
649 2861 823 2923 240⁶
890 2861 1090 2927 verba
1144 2861 1496 2928 Sachariae
1536 2861 1663 2925 XII
1676 2911 1694 2946 ,
1733 2865 1808 2924 10
1862 2858 2088 2926 eadem
2146 2861 2356 2928 forma
2411 2855 2727 2947 (ὄψονται
2779 2861 2872 2939 εἰς

548 2975 632 3047 ὃν
687 2978 1141 3067 ἐξεκέντησαν)
1209 3001 1288 3046 ac
1340 2982 1531 3047 Joan.
1572 2981 1758 3064 XIX,
1803 2984 1882 3044 37
1951 2981 2229 3064 allegat,
2291 3001 2676 3065 quamquam
2733 2987 2868 3047 tex—

548 3107 680 3165 tum
731 3101 1046 3167 versionis
1099 3098 1583 3167 Alexandrinae
1650 3100 1844 3165 alium
1912 3119 2063 3167 esse
2132 3099 2632 3185 (ἐπιβλέψονται
2697 3095 2868 3184 ,πρός

543 3242 652 3304 με,
715 3212 870 3285 ἄνθ’
928 3210 1033 3285 ὦν
1086 3216 1628 3306 κατωρχήσαντο)
1682 3218 1826 3303 jam
1885 3219 2317 3305 Hieronymus
2381 3226 2581 3286 notat.
2678 3221 2864 3285 Hane

548 3338 1043 3405 consensionem
1071 3338 1421 3420 infringere
1453 3339 1667 3404 eonati
1695 3343 1845 3403 sunt
1874 3339 2183 3423 nonnulli,
2212 3338 2506 3405 dieentes
2538 3339 2858 3404 Justinum

546 3458 906 3544 exemplari
950 3457 1230 3541 quodam
1276 3458 1591 3525 versionis
1635 3455 2126 3523 Alexandrinae
2172 3478 2355 3523 usum
2387 3478 2562 3542 esse,
2594 3459 2660 3523 in
2691 3459 2864 3543 quod

537 3577 681 3660 jam
728 3584 878 3644 ante
922 3578 1127 3663 ipsius
1176 3584 1428 3663 tempus
1476 3576 1629 3643 dieti
1682 3576 1852 3642 illius
1895 3575 2278 3643 Sachariani
2316 3577 2524 3643 forma
2560 3579 2602 3644 J
2606 3597 2864 3644 oannea

686 3797 706 3837 ¹
754 3799 900 3853 Diaz.
929 3816 970 3854 c.
1007 3801 1096 3855 Tr.
1136 3802 1332 3865 o.105‚
1378 3815 1432 3867 p.
1459 3801 1585 3851 352:
1643 3793 1956 3869 μονογενῆς
2003 3797 2084 3852 ὅτι
2128 3786 2202 3869 ἦν
2232 3800 2308 3872 τῷ
2354 3800 2525 3870 πατρὶ
2570 3801 2679 3853 τῶν
2726 3798 2868 3853 ὅλων

548 3873 722 3944 οὗτος,
759 3881 915 3942 ἰδίως
951 3880 1011 3942 ἐξ
1048 3883 1211 3939 αὐτοῦ
1246 3879 1410 3955 λόγος
1440 3885 1536 3937 καὶ
1574 3877 1808 3954 δύναμις
1842 3882 2239 3954 γεγενημένος,
2277 3880 2657 3955 προεδήλωσα.

681 3970 705 4007 ²
751 3971 900 4038 Apol.
926 3969 968 4036 I,
997 3972 1081 4038 32,
1119 3987 1171 4039 p.
1200 3972 1316 4024 206.
1377 3968 1472 4023 cfr.
1511 3971 1657 4025 Dial.
1684 3986 1727 4024 c.
1762 3971 1850 4023 Tr.
1889 3984 1932 4023 c.
1964 3972 2049 4035 54,
2086 3984 2137 4036 p.
2170 3971 2280 4023 172.
2318 3986 2362 4025 c.
2391 3972 2473 4037 63,
2512 3985 2564 4037 p.
2591 3973 2709 4025 21⁰.

685 4053 712 4094 3
754 4055 902 4108 Βιάἱ.
929 4074 972 4110 c.
1008 4058 1094 4111 Tr.
1132 4072 1176 4111 e.
1202 4057 1286 4122 88,
1324 4072 1376 4123 p.
1404 4057 1522 4109 304.

680 4141 704 4178 ⁴
753 4139 890 4195 vide
925 4141 1086 4209 plura
1122 4140 1372 4209 exempla
1407 4137 1553 4208 apud
1589 4141 2021 4194 Semischium
2054 4138 2089 4194 l.
2117 4154 2162 4193 c.
2197 4156 2252 4207 p.
2281 4141 2566 4195 165—170.

681 4227 706 4264 ⁶
752 4226 860 4282 Cfr.
897 4229 1333 4282 Luthardtum
1370 4226 1404 4280 l.
1432 4241 1478 4279 c.
1512 4241 1566 4293 p.
1591 4226 1659 4278 89
1684 4240 1763 4293 sq.

685 4311 711 4352 ὓ
757 4310 864 4367 Csr.
905 4314 1049 4367 Diaz.
1088 4330 1130 4366 c.
1168 4314 1258 4366 Tr.
1295 4327 1339 4365 c.
1371 4312 1450 4378 14,
1487 4327 1541 4379 p.
1565 4312 1649 4364 52.
1698 4327 1742 4365 c.
1768 4311 1853 4377 32,
1889 4326 1944 4379 p.
1973 4310 2090 4364 102.
