3264 5076
1534 344 1618 416 97

409 578 582 646 Novi
648 574 1051 642 Testamenti
1119 570 1456 657 scripturis
1511 573 1997 656 inspirationem
2049 572 2327 638 tribuere
2378 571 2446 637 in
2502 571 2721 637 oeulos

411 697 693 764 incurrit.
772 693 1077 777 Legimus
1123 691 1291 757 enim
1339 693 1433 755 lib.
1467 693 1577 775 III,
1607 712 1659 757 c.
1700 694 1804 757 12:
1853 685 2196 757 άκόλουθα
2225 685 2585 776 εὑρίσκεται
2614 693 2725 755 καὶ

410 814 492 882 τὰ
527 819 666 882 τῶν
702 814 1071 899 προφητῶν
1097 813 1209 877 καὶ
1235 813 1375 876 τῶν
1404 804 1799 896 εὐαγγελίων
1830 810 2024 895 ἔχειν,
2054 808 2160 876 διὰ
2184 807 2264 877 τὸ
2296 807 2449 887 τοὺς
2475 809 2728 889 πάντας

415 928 1001 1020 πνευματοφόρους
1031 928 1127 996 ἑνὶ
1157 925 1474 1015 πνεύματι
1505 930 1946 1015 λελαληκέναι.
1999 933 2083 996 Et
2108 934 2203 995 lib.
2235 933 2314 1015 Π,
2351 951 2402 996 c.
2430 935 2540 996 22:
2568 925 2731 998 ὅθεν

422 1049 837 1121 διδάσκουσιν
878 1042 1045 1136 ἡμᾶς
1090 1048 1157 1115 αἱ
1192 1045 1368 1134 ἅγιαι
1395 1052 1645 1135 γραφαὶ
1677 1051 1788 1115 καὶ
1814 1046 2054 1126 πάντες
2084 1048 2147 1117 οἱ
2178 1046 2729 1135 πνευματοφόροι,

421 1174 492 1257 ἐξ
522 1164 623 1240 ὦν
649 1167 949 1257 Ἰωάννης
993 1170 1198 1255 λέγει·
1250 1168 1321 1234 ἐν
1360 1164 1527 1254 α’ρχῇ
1563 1158 1649 1256 ἦν
1688 1162 1725 1235 ὁ
1760 1166 1954 1254 λόγος
1983 1175 2121 1236 κτλ.
2194 1171 2281 1236 Et
2322 1170 2732 1255 quemadmo—

421 1294 568 1361 dum
615 1294 792 1358 locos
837 1290 1090 1356 Veteris
1145 1289 1546 1356 Testamenti
1606 1288 1981 1374 praemissis
2026 1290 2239 1356 verbis
2301 1283 2338 1355 ὁ
2389 1287 2733 1379 προφήτης

421 1414 593 1498 λέγει
623 1420 689 1480 et
722 1413 1032 1481 similibus
1070 1412 1273 1495 affert,
1305 1410 1398 1475 ita
1431 1429 1513 1475 ex
1550 1409 1912 1492 evangeliis
1944 1408 2243 1475 dictitans
2295 1405 2335 1496 ἦ
2365 1404 2734 1496 εὖαγγέλιος

427 1530 620 1619 φωνὴ
678 1529 965 1599 διδάσκει
1021 1529 1326 1615 λέγουσαι
1395 1529 1498 1595 Vel
1553 1525 1632 1594 τὸ
1695 1522 2071 1613 εὐαγγέλιόν
2125 1531 2339 1616 φησι.2
2434 1532 2642 1596 Etiam
2689 1552 2731 1597 a

425 1653 630 1717 Paulo
686 1651 859 1718 dicta
911 1657 1240 1734 tamquam
1301 1650 1578 1715 Verbum
1625 1646 1907 1713 divinum
1954 1648 2258 1714 inculcat:
2314 1648 2407 1715 ἔτι
2449 1647 2580 1740 μὴν
2622 1652 2733 1716 καὶ

425 1774 576 1857 περὶ
624 1774 745 1836 τοῦ
800 1765 1291 1837 ὑποτάσσεσθαι
1354 1761 1583 1852 α’ρχαῐς
1637 1769 1747 1832 καὶ
1812 1765 2131 1846 ἐξουσίαις
2186 1766 2432 1834 κελεύει
2481 1764 2648 1856 ἡμᾶς
2699 1764 2733 1836 ὅ

429 1896 648 1967 θεῖος
700 1885 959 1975 λόγος,
1017 1884 1202 1966 ὅπως
1254 1882 1497 1975 ἤρεμον
1539 1889 1651 1953 καὶ
1706 1880 1977 1972 ἡσύχιον
2026 1890 2174 1969 βίον
2229 1885 2570 1974 διάγωμεν,
2624 1891 2735 1955 καὶ

434 1999 722 2075 διδάσκει
766 2002 1155 2075 ἀποδιδόναι
1195 2010 1352 2074 πᾶσι
1395 2005 1478 2072 τὰ
1520 2003 1764 2085 πάντα,
1818 2009 1917 2091 τῷ
1961 2004 2083 2093 τὴν
2124 2004 2318 2095 τιμὴν
2360 2005 2482 2095 τὴν
2523 2005 2735 2094 τιμὴν,

431 2131 530 2214 τῷ
583 2124 697 2194 τὸν
750 2123 978 2211 φόβον
1030 2124 1153 2193 τὸν
1211 2124 1453 2210 φόβον,
1504 2130 1603 2212 τῷ
1646 2123 1767 2192 τὸν
1810 2122 2025 2211 φόρον
2068 2124 2189 2194 τὸν
2233 2125 2476 2213 φόρον,
2521 2130 2748 2214 μηδενὶ

434 2248 640 2335 μηδὲν
664 2240 953 2330 ὀφείλειν
980 2242 1023 2333 ἢ
1049 2242 1260 2332 μόνον
1280 2241 1359 2311 τὸ
1389 2240 1650 2331 α’γαπᾶν
1675 2242 1926 2323 πάντας
1959 2245 2097 2332 (111,
2122 2253 2189 2311 14
2225 2247 2334 2312 cfr.
2364 2249 2669 2331 I'Pim.11,
2687 2251 2746 2313 2.

434 2369 613 2432 Rom.
645 2368 818 2451 XIII,
850 2372 887 2430 7
923 2363 1113 2451 sqq.).
1212 2367 1447 2431 Verum
1509 2365 1663 2448 quid.
1709 2364 1789 2430 de
1845 2364 2035 2431 modo
2091 2366 2534 2453 inspirationis
2577 2367 2744 2434 Novi

439 2487 844 2553 Testamenti
887 2486 1210 2570 statuerit,
1256 2485 1401 2551 libri
1448 2486 1587 2570 ejus
1634 2506 1766 2551 non
1809 2486 2217 2570 patefaciunt.

610 2813 1028 2879 Pervenimus
1083 2811 1167 2877 ad
1218 2811 1410 2876 finem
1482 2811 2036 2877 commentationis
2098 2819 2373 2880 nostrae.
2491 2814 2755 2881 Summa

451 2939 586 3012 ejus
633 2930 798 2997 haec
842 2938 968 2998 est:
1874 2926 1891 2932 ’

624 3050 686 3137 1)
733 3052 932 3117 Vetus
987 3054 1472 3117 Testamentum
1528 3070 1675 3116 esse
1742 3051 2021 3117 Verbum
2078 3051 2203 3118 Dei
2258 3051 2341 3116 ab
2394 3050 2755 3118 hominibus

448 3170 644 3237 literis
690 3170 1067 3237 mandatum
1111 3177 1333 3257 patres
1380 3171 1466 3252 ad
1508 3191 1700 3235 unum
1760 3175 1981 3237 omnes
2023 3171 2286 3237 firmiter
2328 3177 2572 3239 tenent.
2654 3176 2757 3239 De

451 3290 642 3356 modo
700 3296 913 3356 autem
966 3289 1407 3375 inspirationis
1460 3296 1680 3374 patres
1738 3290 2077 3375 apostolici
2137 3290 2295 3355 nihil
2351 3292 2505 3357 certi
2561 3293 2758 3379 ajunt,

451 3409 616 3476 fides
679 3409 1119 3476 tantummodo
1184 3409 1674 3474 ratiocinatione
1737 3408 2045 3475 destituta
2102 3416 2167 3476 et
2219 3411 2364 3496 pius
2426 3412 2610 3493 quasi
2667 3412 2760 3477 in·

456 3530 720 3595 stinctus
777 3549 888 3595 eos
943 3529 1025 3593 ad
1078 3528 1201 3593 hoc
1252 3529 1531 3594 Verbum
1584 3527 1948 3613 adstringit.
2042 3530 2128 3594 At
2177 3528 2595 3615 apologetae‚
2657 3532 2764 3614 qui

457 3648 524 3712 in
584 3648 912 3733 Scriptura
978 3649 1318 3715 veritatem
1386 3646 1492 3712 diu
1555 3648 1920 3731 quaesitam
1996 3648 2407 3733 invenerant,
2476 3648 2764 3716 divinam

458 3887 582 3940 μεν,
630 3867 725 3921 οὐκ
771 3864 1153 3939 ἀνθρωπικοῖς
1211 3855 1387 3931 οἷσιν,
1446 3865 1585 3921 duc}
1646 3862 2017 3937 θεσφάτοις
2081 3868 2195 3920 καὶ
2246 3869 2767 3934 θεοδιδάκτοις,

457 3958 651 4006 πεῖσαι
688 3951 831 4026 ἡμᾶς
865 3949 940 4025 μὴ
982 3950 1052 4011 ὡς
1088 3954 1218 4022 περὶ
1256 3950 1443 4005 ἀθέων
1479 3951 1635 4023 ἔχειν
1674 3949 1984 4025 δυνάμεθα.
2055 3952 2215 4010 Τίνες
2249 3940 2351 4006 οὖν
2384 3954 2437 4007 οἱ
2473 3951 2643 4025 λόγοι,
2684 3949 2768 4015 οἷς

459 4033 882 4111 ἐντρεφόμεθα;
938 4035 1099 4105 Λέγω
1139 4034 1294 4109 ὑμῖν·
1344 4035 1598 4107 ἀγαπᾶτε
1644 4035 1766 4097 τοὺς
1821 4034 2060 4109 ἐχθροὶ-ς
2105 4034 2273 4109 ὑμῶν,
2321 4039 2599 4110 εὐλογεῖτε
2644 4039 2773 4099 τοὺς

460 4121 880 4195 καταρωμένους
914 4123 1025 4175 κτλ.
1088 4122 1279 4177 Matth.
1315 4123 1381 4190 V,
1409 4126 1476 4176 44
1502 4139 1581 4191 sq.
1619 4124 1748 4180 Luc.
1776 4125 1868 4190 VI,
1898 4125 1960 4175 27
1989 4138 2066 4190 sq.

607 4210 626 4247 1
673 4208 878 4275 111,13,
917 4225 970 4277 p.
997 4210 1117 4261 220.

598 4292 622 4332 2
670 4292 779 4348 111,
814 4294 894 4360 14,
933 4310 986 4362 p.
1014 4294 1129 4347 222.
