3264 5076
1569 368 1658 442 36

896 688 1005 757 11.
1074 687 1725 776 Apologotarum
1777 681 2283 756 sententiae.¹

629 885 1133 972 Apologetarum
1178 883 1341 968 libri,
1389 904 1549 968 quos
1595 883 2066 968 adhibebimus,
2110 881 2178 948 hi
2222 890 2394 949 sunt:

627 1007 837 1073 lustini
905 1005 1185 1087 Martyris
1258 1003 1321 1089 1)
1378 1009 1676 1084 Apoloyia
1739 1009 1939 1082 major
1995 1004 2100 1069 vel
2155 1009 2343 1083 prior
2400 997 2770 1087 (Ἀπολογία

453 1120 685 1211 ,πρῶτη
719 1117 884 1208 ὑπὲρ
915 1124 1377 1208 Χριστιανῶν),
1421 1122 1768 1190 secundum
1820 1124 2162 1209 plerosque
2204 1144 2306 1189 ao.
2360 1125 2480 1187 138
2511 1123 2616 1189 vel
2654 1125 2773 1186 139

457 1244 838 1330 conscripta.
934 1241 1002 1328 2)
1063 1248 1360 1324 Apoloqia
1412 1249 1607 1308 minor
1662 1243 1767 1309 vel
1826 1249 2022 1307 altera
2079 1235 2447 1328 (Ἀπολογία
2504 1241 2773 1327 δευτέρα

452 1360 619 1450 ὑπὲρ
663 1364 1128 1448 Χριστιανῶν),
1175 1382 1340 1447 quae
1385 1364 1604 1429 Marco
1636 1362 1898 1429 Aurelio
1945 1370 2010 1428 et
2052 1361 2252 1428 Lucio
2281 1363 2450 1429 Vero
2495 1382 2775 1445 regnan-

458 1486 628 1553 tibus
680 1482 744 1550 h.
791 1504 848 1549 e.
902 1482 1074 1547 intra
1128 1502 1336 1548 annos
1398 1485 1734 1545 161-166
1789 1487 2061 1548 exarata
2123 1487 2224 1548 est
2279 1486 2344 1548 et
2398 1483 2482 1547 ab
2545 1480 2775 1549 eodem

461 1604 718 1691 quidem
792 1602 1073 1686 Just-ino,
1149 1607 1219 1666 ut
1287 1605 1351 1668 et
1426 1600 1629 1666 forma
1697 1602 1836 1686 ejus
1904 1607 1968 1667 et
2035 1601 2308 1667 materia
2383 1602 2778 1687 comprobat.

461 1724 529 1809 3)
578 1727 875 1801 Dialoqus
931 1741 1063 1785 cum
1122 1725 1443 1801 Tryphone
1491 1726 1729 1787 Iudaeo
1797 1716 2000 1806 (Πρὸς
2078 1716 2405 1806 Τρύφωνα
2470 1713 2782 1786 Ἰουδαῖον

461 1838 802 1928 διάλογος),
845 1862 975 1906 non
1020 1841 1215 1908 multo
1270 1846 1416 1926 post
1463 1862 1701 1906 annum
1752 1844 1872 1905 139
1930 1842 2340 1928 compositus.
2426 1840 2496 1925 4)
2550 1845 2776 1905 Cohor-

461 1968 606 2027 tatio
661 1968 747 2026 ad
803 1966 1071 2026 Graecos
1126 1956 1368 2046 (Λόγος
1427 1956 1888 2045 παραινετικὸς
1938 1957 2106 2046 πρὸς
2147 1955 2512 2047 Ἕλληνας),
2585 1979 2777 2042 quam

463 2104 593 2148 non
651 2081 875 2149 differe
923 2081 1005 2146 ab
1049 2080 1159 2145 illo
1206 2072 1503 2165 Ἐλέγχῳ,
1560 2079 1733 2166 apud
1786 2080 2199 2164 Eusebium²‚
2255 2080 2779 2164 Hieronymum³‚

463 2202 793 2269 Photium⁴
855 2201 923 2266 in
976 2198 1296 2265 indicibus
1350 2198 1651 2266 librorum
1708 2200 1946 2266 Justini
2012 2204 2539 2283 commemorato,
2594 2202 2781 2262 Semi-

463 2323 713 2387 schius⁵
780 2327 845 2387 et
894 2321 1063 2385 Otto⁶
1124 2325 1310 2386 extra
1374 2339 1629 2386 omnem
1684 2318 2147 2386 dubitationem
2211 2319 2571 2386 collocasse
2631 2316 2788 2383 mihi

466 2439 782 2509 videntur.

637 2563 874 2630 'fotiani
914 2565 1122 2626 Oratio
1168 2565 1254 2623 ad
1288 2565 1556 2624 Graecos
1591 2555 1781 2644 (πρὸς
1808 2553 2174 2646 Ἕλληνας),
2216 2579 2348 2626 non
2392 2558 2590 2625 multo
2636 2562 2786 2643 post

473 2680 713 2750 Justini
755 2686 1026 2745 mortem
1074 2678 1157 2765 (e.
1191 2699 1295 2744 an.
1336 2676 1486 2765 166)
1536 2685 1828 2745 exarata.
2261 2679 2265 2683 ’

644 2802 1057 2883 Athenagorae
1105 2796 1171 2885 1)
1233 2803 1607 2879 Supplicatio
1657 2821 1776 2879 pro
1836 2802 2192 2864 Christianis
2248 2796 2595 2884 (Πρεσβεία
2645 2797 2797 2881 περὶ

471 2919 936 3005 Χριστιανῶν),
983 2925 1132 3004 post
1176 2939 1415 2985 annum
1469 2923 1589 2983 176
1639 2918 2024 3004 conscripta.
2113 2916 2181 3003 2)
2242 2918 2433 2985 Liber
2476 2924 2552 2983 de
2588 2938 2796 2982 resur-

468 3045 735 3106 rectione
773 3047 1144 3102 mortuorum
1191 3039 1365 3123 (περὶ
1406 3032 1825 3116 ἀναστάσεως
1868 3039 2171 3125 νεκρῶν).

645 3159 943 3242 Theophili
970 3159 1313 3226 Antiocheni
1339 3167 1461 3223 tres
1492 3164 1635 3226 libri
1657 3164 1743 3222 ad
1766 3164 2117 3239 Autolycum
2141 3153 2334 3243 (πρὸς
2357 3150 2797 3243 Αὐτόλυκον),

479 3300 530 3346 ο.
572 3300 674 3346 an.
725 3280 847 3342 180
893 3277 1248 3364 compositi.

648 3485 718 3551 Si
775 3485 916 3568 quis
979 3483 1083 3550 vel
1142 3484 1347 3549 obiter
1402 3484 1597 3550 libros
1654 3484 2139 3570 apologetarum
2198 3482 2584 3569 inspexerit,
2651 3502 2799 3550 eum

475 3626 607 3672 non
650 3604 866 3690 fugiet,
913 3610 1124 3671 certas
1170 3601 1485 3687 quasdam
1531 3602 1613 3671 de
1659 3601 1880 3669 divina
1925 3605 2293 3690 Scripturae
2324 3623 2552 3670 sacrae
2585 3602 2801 3669 indole

546 3805 553 3810 ’
618 3812 637 3852 ¹
693 3808 1002 3863 Editionem
1048 3807 1308 3862 librorum
1343 3809 1748 3878 apologetarum
1784 3808 1853 3862 ab
1896 3809 2124 3864 ottone
2170 3812 2411 3863 curatam
2460 3812 2517 3863 et
2559 3808 2796 3877 priorem

483 3895 701 3967 quidem
736 3910 1039 3963 sequemur.

620 3983 645 4023 2
693 3984 833 4037 Hist.
861 3982 1038 4035 eccles.
1065 3980 1159 4047 IV,
1184 3981 1264 4034 18.
1303 3980 1366 4036 T.
1393 3980 1436 4048 1,
1475 3997 1527 4049 p.
1554 3983 1657 4035 376
1695 3978 1801 4043 (ed.
1827 3979 2252 4047 Heinichenius).

615 4069 641 4107 3
684 4068 768 4120 De
802 4070 893 4119 vir.
922 4068 1108 4120 ntuetr.
1147 4081 1190 4120 c.
1216 4066 1300 4119 23.
1337 4065 1398 4121 T.
1421 4064 1491 4134 11,
1528 4082 1581 4135 p.
1607 4067 1711 4119 853
1751 4066 1858 4130 (ed.
1879 4066 2221 4131 vallarsius).

622 4153 646 4193 ⁴
690 4152 935 4207 Biblioth.
966 4155 1079 4205 cod.
1111 4152 1225 4205 125.
1263 4150 1325 4205 T.
1354 4151 1395 4219 Ι,
1434 4166 1487 4219 p.
1515 4153 1583 4205 94
1607 4167 1687 4219 sq.
1726 4151 1833 4217 (ed.
1861 4153 2183 4216 Bekkerus).

618 4240 644 4280 5
689 4237 868 4291 Justin
908 4240 1001 4291 der
1036 4239 1317 4307 Mdrtyrer.
1371 4238 1518 4292 1840.
1570 4237 1612 4305 Ι,
1653 4254 1706 4307 p.
1742 4239 1841 4292 105
1866 4254 1981 4307 sqq.

615 4325 638 4366 6
683 4322 768 4382 De
801 4321 1001 4383 Justini
1035 4321 1289 4396 Martyris
1324 4322 1539 4392 scriptis
1576 4329 1632 4381 et
1667 4322 1927 4380 doctrina.
1998 4324 2172 4380 Jenae
2213 4326 2359 4381 1841.
2410 4342 2462 4395 p.
2489 4326 2558 4380 38
2582 4323 2713 4398 sqq.
