3264 5076
1491 414 1575 489 73

360 639 729 726 evangeliis
798 637 1111 708 Matthaei
1166 648 1236 709 et
1294 641 1508 707 Lucae
1572 640 1875 727 deposita
1938 646 2064 723 est,
2133 637 2360 724 paucis
2429 643 2679 705 tantum

359 761 738 847 locupletat.
838 762 1145 827 Attamen
1207 783 1371 828 unus
1443 767 1615 828 eerte
1666 762 1844 827 loeus
1899 778 2151 826 omnem
2213 758 2678 825 dubitationem

357 879 435 945 de
480 880 613 945 hae
657 900 728 946 re
772 881 966 966 tollit;
1012 902 1164 947 nam
1196 886 1355 946 Dial.
1391 902 1442 945 c,
1480 887 1578 945 Tr.
1612 901 1665 945 e.
1703 884 1843 965 106,
1885 902 1948 965 p.
1982 883 2107 943 356
2152 879 2428 961 legimus
2465 878 2678 945 'haeez

364 1000 494 1063 Καὶ
549 995 630 1064 τὸ
686 998 892 1065 εἰπεῖν
943 1000 1478 1086 μετωνομακέναι
1531 993 1737 1066 αὐτὸν
1796 1000 2084 1084 Πέτρον,
2159 995 2276 1063 ἕνα
2332 1001 2473 1063 τῶν
2525 992 2681 1064 ἄπο-

364 1113 654 1198 στόλων,
707 1120 819 1184 καὶ
876 1115 1249 1213 γεγράφθαι
1298 1119 1372 1185 ἐν
1421 1133 1560 1197 τοῖς
1612 1112 2270 1205 ἀπομνημονεύμασιν
2326 1109 2530 1182 αὐτοῦ
2581 1141 2680 1202 γε·

363 1237 727 1325 γενημένον
754 1241 867 1304 καὶ
907 1241 1126 1319 τοῦτο,
1170 1236 1332 1324 μετὰ
1376 1242 1496 1306 τοῦ
1540 1240 1651 1304 καὶ
1696 1232 1938 1315 ἄλλους
1972 1233 2091 1302 δύο
2123 1231 2467 1323 ἀδελφοὺς,
2495 1233 2681 1313 υἱοὺς

363 1357 716 1437 Ζεβεδαίου
770 1350 994 1442 ὄντας,
1055 1359 1589 1443 μετωνομακέναι
1641 1351 1917 1441 ὀνόματι
1985 1358 2108 1423 τοῦ
2167 1357 2535 1441 Βοανεργές
2549 1408 2566 1438 ,
2642 1350 2683 1422 ὅ

367 1473 547 1541 ἐστιν
585 1473 718 1542 υἱοὶ
748 1479 1044 1562 βροντῆς,
1091 1473 1490 1563 σημαντικὸν
1531 1465 1617 1564 ἦν
1660 1478 1779 1542 τοῦ
1823 1470 2027 1542 αὐτὸν
2066 1474 2320 1541 ἐκεῖνον
2363 1472 2561 1559 εἶναι,
2597 1468 2680 1540 δι’

362 1584 441 1659 οὗ
487 1596 603 1660 καὶ
645 1590 724 1661 τὸ
769 1591 1122 1680 ἐπώνυμον
1160 1590 1387 1677 Ἰακώβ
1415 1598 1513 1682 τῷ
1551 1590 1796 1683 Ἰσραὴλ
1837 1594 2261 1681 ἐπικληθέντι
2294 1589 2499 1680 ἐδόθη
2530 1598 2671 1658 κτλ.

364 1716 544 1781 Inter
598 1719 872 1797 quatuor
924 1714 1270 1799 evangelia
1337 1716 1650 1782 canoniea
1714 1716 1918 1780 solum
1980 1714 2181 1779 Marei
2238 1712 2378 1800 (111,
2428 1717 2503 1776 16
2544 1711 2673 1798 sq.)

365 1833 589 1919 refert,
643 1833 1051 1900 Zebedaidas
1108 1857 1150 1901 a
1199 1837 1360 1902 Jesu
1411 1834 1577 1900 filios
1636 1835 1905 1901 tonitrus
1960 1853 2107 1899 esse
2164 1833 2557 1912 nominatos,
2613 1837 2679 1898 et

360 1953 534 2018 idem
582 1955 838 2019 Mareus
884 1953 1114 2021 eodem
1168 1955 1309 2021 loeo
1355 1954 1576 2038 tradit,
1634 1955 1880 2020 Simoni
1933 1975 1975 2018 a
2014 1954 2173 2020 Jesu
2216 1973 2453 2019 nomen
2496 1952 2677 2018 Petri

366 2092 515 2139 esse
562 2072 803 2138 datum.
890 2073 1080 2140 Unde
1102 2074 1477 2158 .eonfieitur‚
1526 2074 1723 2140 etiam
1767 2072 1970 2140 Marci
2013 2071 2423 2157 evangelium
2468 2093 2511 2138 a
2548 2092 2678 2139 me-

367 2193 786 2259 morabilibus
838 2194 1276 2279 apostolorum
1319 2215 1450 2260 non
1497 2191 1964 2260 excludendum
2012 2186 2178 2259 esse.

541 2330 878 2395 Difficilior
932 2335 1033 2397 est
1076 2331 1397 2414 quaestio,
1433 2350 1518 2395 an
1551 2330 1747 2396 etiam
1779 2333 2090 2414 evangelio
2119 2330 2365 2397 loannis
2390 2330 2679 2395 Justinus

371 2469 527 2515 usus
575 2449 693 2514 sit.·
753 2450 1210 2529 Hilyenfeldus¹
1267 2458 1623 2533 asseverat,
1670 2470 1801 2514 non
1848 2449 2022 2534 prius
2068 2469 2260 2532 quam
2306 2446 2544 2514 abhinc
2576 2468 2675 2514 ao.

372 2573 493 2633 170
537 2569 605 2635 in
647 2569 808 2635 Asia
851 2571 1097 2637 minore
1146 2575 1385 2663 eertum
1432 2570 1761 2654 evangelii
1804 2570 2086 2636 Joannei
2124 2570 2463 2652 vestigium
2491 2568 2679 2634 nobis

373 2709 721 2773 occurrere,
750 2694 815 2756 et
835 2691 878 2756 J
879 2689 1156 2756 ustinum
1183 2690 1524 2772 evangelio
1550 2689 1827 2773 quodam
1852 2688 2242 2776 apocrypho,
2262 2689 2330 2753 in
2349 2709 2468 2766 quo
2495 2708 2681 2772 quar-

369 2815 498 2874 tum
541 2809 949 2894 evangelium
1007 2810 1260 2888 nitatur,
1305 2828 1488 2874 usum
1545 2829 1713 2875 esse.
1786 2808 1915 2875 Sed
1963 2809 2105 2894 ipse
2157 2807 2475 2892 coneedit,
2519 2807 2679 2872 nihil

373 2950 734 3014 repugnare
783 2929 1102 3015 opinioni,
1157 2929 1563 3013 evangelium
1624 2927 1796 3013 quod
1846 2927 2074 2993 dieitur
2107 2929 2150 2994 J
2153 2948 2471 2994 oanneum
2518 2927 2684 2993 inter

373 3070 576 3115 annos
619 3052 740 3112 120
772 3056 836 3115 et
871 3052 989 3112 140
1024 3054 1227 3114 ortum
1261 3068 1427 3115 esse.
1497 3050 1726 3132 Itaque
1758 3069 1874 3134 per
1907 3068 1980 3113 se
2010 3048 2239 3131 negari
2268 3048 2516 3132 nequit,
2545 3047 2683 3112 fieri

369 3168 676 3252 potuisse,
708 3174 778 3233 ut
808 3169 850 3234 J
854 3170 1097 3235 ustinus
1127 3168 1250 3234 hoe
1286 3189 1537 3253 quoque
1574 3168 1985 3253 evangelium
2016 3168 2266 3233 noverit
2298 3172 2363 3233 et
2397 3167 2465 3232 in
2498 3186 2682 3232 usum

372 3307 551 3352 suum
596 3290 875 3355 verterit.
964 3288 1103 3353 Hoe
1158 3295 1372 3355 autem
1425 3307 1579 3355 vere
1635 3288 1868 3353 factum
1924 3306 2073 3353 esse
2132 3287 2391 3371 probari
2442 3291 2675 3372 potest.

370 3409 453 3471 Et
490 3408 759 3492 primum
791 3406 1049 3491 quidem
1082 3426 1190 3491 ee,
1238 3406 1409 3491 quod
1437 3407 1731 3474 Justinus
1782 3414 1845 3473 et
1888 3407 1957 3471 in
2000 3407 2193 3473 rebus
2238 3413 2305 3473 et
2346 3406 2411 3470 in
2466 3406 2677 3473 verbis

372 3525 779 3592 multifariam
848 3547 988 3592 oum
1054 3527 1309 3594 Joanne
1374 3527 1694 3593 convenit.
1798 3526 2106 3592 Nominat
2174 3529 2345 3592 enim
2417 3531 2482 3590 et
2533 3525 2677 3610 ipse

372 3644 688 3711 Christum
743 3647 949 3711 lueem
1004 3645 1331 3711 hominum
1387 3646 1525 3713 sive
1578 3646 1860 3730 mundi2,
1924 3645 2094 3728 quod
2148 3665 2384 3711 nomen
2439 3642 2678 3709 Christi

367 3772 589 3848 quarto
637 3766 981 3850 evangelio
1028 3772 1129 3831 est
1172 3766 1529 3850 peeuliare3
1574 3786 1766 3851 porro
1811 3784 1969 3830 voce
1999 3759 2360 3850 μονογενής
2388 3761 2676 3829 divinam

506 4090 523 4130 ¹
567 4090 669 4145 Die
704 4091 1020 4160 Evanyelien
1056 4092 1191 4144 nach
1226 4093 1367 4145 ihrer
1401 4090 1724 4160 Entstehuny
1758 4094 1867 4144 und
1898 4091 2325 4160 yeschichtlichen
2360 4090 2678 4158 Bedeutuny.

367 4176 516 4230 1854.
562 4192 614 4244 p.
639 4175 759 4230 345.

504 4280 526 4317 ²
569 4280 716 4334 Diaz.
749 4296 795 4333 c.
828 4281 916 4333 Tr.
955 4294 1001 4332 c,
1031 4280 1108 4344 17,
1157 4294 1210 4345 p,
1238 4279 1329 4330 62:
1391 4274 1578 4347 φωτὸς
1613 4282 1727 4336 τοῖς
1765 4274 2091 4346 ἀνθρώποις
2123 4276 2489 4349 πεμφθέντος
2526 4272 2677 4348 παρὰ

368 4366 463 4416 τοῦ
501 4367 649 4419 θεοῦ.
