3264 5076
1669 401 1756 476 33

539 630 806 716 ρημένοι
825 631 936 696 καὶ
958 608 1514 717 συὺηριθμημένοι
1539 627 1612 696 ἐν
1634 631 1735 714 τῷ
1757 623 2110 715 εὐαγγελίῳ
2134 630 2247 715 τῆς
2273 630 2496 714 κοινῆς
2519 626 2834 706 ἐλπίδος.ι

544 748 851 815 Simili-ter
892 754 1270 831 Polycarpus
1314 748 1690 816 adhortatur
1734 748 2211 834 Philippenses,
2258 754 2327 814 ut
2354 748 2687 834 prophetis
2719 770 2850 815 non

540 869 744 935 minus
786 889 979 953 quam
1019 869 1272 936 Christo
1319 876 1385 936 et
1426 869 1737 957 apostolis
1783 867 2122 937 obediant:
2170 861 2385 945 οὕτως
2427 856 2549 934 οὖν
2594 864 2849 935 δουλεύ-

541 1006 757 1073 σωμεν
815 982 999 1074 αὐτῷ
1054 985 1216 1075 μετὰ
1276 985 1491 1072 φόβου
1523 989 1661 1087 ’καὶ
1713 983 1925 1074 πάσης
1966 983 2326 1068 εὐλαβείας,
2374 983 2607 1064 καθώς
2649 981 2847 1065 αὐτὸς

539 1106 902 1174 ἐνετείλατο
955 1109 1067 1175 καὶ
1110 1106 1174 1174 οἱ
1216 1101 1779 1194 εὖαγγελισάμενοι
1809 1102 1975 1195 ἡμᾶς
2002 1101 2363 1175 ἀπόστολοι
2390 1108 2502 1174 καί
2544 1104 2618 1173 οἱ
2658 1131 2840 1193 προ·

536 1227 770 1313 φῆται
801 1225 874 1293 οἱ
902 1223 1546 1313 προκηρύξαντος
1575 1223 1713 1313 τὴν
1743 1224 2046 1293 §aevom
2074 1229 2210 1293 τοῦ
2238 1226 2524 1312 κυρίου
2552 1220 2829 1313 ἡμῶν.“·’

704 1354 783 1412 At
820 1354 1022 1412 nultus
1052 1358 1307 1428 patrum
1362 1352 1828 1427 apostolicorum
1872 1356 2100 1412 certam
2154 1352 2494 1412 doctrinam
2540 1352 2615 1413 de
2657 1353 2844 1428 inspi-

533 1472 772 1532 ratione
831 1470 1118 1532 lt‘broram
1171 1486 1491 1531 sacrorum
1553 1470 1727 1531 nobis
1772 1473 2088 1547 proponit.
2183 1468 2412 1550 Neque
2464 1464 2535 1531 id
2597 1467 2843 1534 mirum.

533 1586 810 1652 Primum
867 1587 1039 1653 enim
1083 1592 1306 1673 patres
1353 1587 1696 1672 apostolici
1748 1587 2127 1685 auctoritate
2169 1586 2434 1653 Domini
2478 1594 2542 1653 et
2586 1595 2842 1673 aposto-

531 1707 731 1772 lorum
779 1707 1078 1774 commoti
1121 1707 1322 1772 Vetus
1354 1708 1842 1773 Testamentum
1888 1714 2215 1792 tamquam
2249 1707 2416 1774 Novi
2461 1705 2841 1792 praedictio-

527 1846 675 1892 nem
730 1833 795 1892 et
848 1827 1418 1912 praeparationem
1476 1826 1763 1911 amplexi
1817 1833 1991 1912 sunt,
2050 1848 2179 1893 non
2240 1827 2332 1893 ita
2388 1830 2716 1910 curantes,
2773 1833 2840 1892 ut

529 1945 667 2030 ejus
710 1945 861 2013 fidei
905 1948 1221 2014 rationem
1262 1946 1385 2012 sibi
1427 1944 1801 2031 redderent3
1848 1945 2087 2013 deinde
2132 1967 2261 2013 non
2305 1968 2468 2032 opus
2512 1953 2649 2013 erat
2680 1946 2837 2013 divi-

526 2086 675 2131 nam
730 2066 983 2134 Veteris
1039 2067 1442 2134 Testamenti
1498 2067 1813 2152 originem
1872 2066 2291 2151 eomprobare
2347 2073 2412 2133 et
2464 2064 2834 2149 defendere,

525 2185 825 2270 quoniam
870 2186 936 2270 ii,
985 2187 1070 2253 ad
1115 2206 1275 2271 quos
1323 2186 1719 2271 scribebant,
1773 2186 1938 2252 tanti
1990 2186 2211 2272 quanti
2262 2186 2389 2272 ipsi
2435 2186 2832 2273 Scripturam

527 2304 973 2375 aestimabant.

692 2424 1027 2497 Difficilior
1080 2427 1373 2510 quaestio
1420 2434 1546 2507 est,
1592 2436 1791 2492 atrum
1836 2438 2057 2508 patres
2102 2432 2417 2509 apostolici
2459 2431 2644 2492 libros
2687 2447 2834 2507 quo-

526 2566 642 2625 que
693 2552 1079 2628 apocryphos
1124 2558 1425 2628 tamquam
1469 2554 1700 2613 divinos
1743 2556 2021 2629 alleqent.
2113 2546 2568 2632 Concedimus,
2613 2555 2835 2635 patres

527 2664 867 2750 aliquoties
910 2667 1289 2754 scriptorum
1334 2667 1585 2734 illorum
1632 2669 1913 2736 versioni
1944 2668 2430 2736 Alexandrinae
2475 2667 2832 2735 additorum

521 2785 835 2854 rationem
894 2785 1196 2873 habere³,
1250 2808 1565 2872 negamus
1626 2809 1709 2855 ea
1753 2789 1837 2856 ab
1882 2789 2042 2876 ipsis
2097 2789 2492 2856 solemnibus
2546 2789 2829 2855 formulis

526 2904 824 2972 laudari.-
905 2908 1072 2972 Nam
1140 2913 1417 2992 apparet
1470 2908 1683 2994 potius
1739 2911 1871 2975 Jes.
1903 2910 2014 2988 111,
2064 2913 2103 2972 9
2164 2907 2322 2995 (see.
2364 2908 2574 2993 LXX)
2636 2929 2828 2994 quam

524 3026 676 3111 Sap.
693 3027 774 3103 11,
800 3030 869 3089 12
898 3026 1170 3111 allegari
1202 3025 1302 3092 his
1335 3027 1564 3112 eapitis
1584 3030 1674 3094 VI
1704 3048 1804 3114 ep.
1834 3029 2179 3095 Barnabae
2208 3028 2453 3096 verbis:
2487 3027 2678 3113 Λέγει
2702 3023 2825 3112 γὰρ

516 3138 554 3210 ὁ
583 3142 927 3233 προφήτης
953 3146 1061 3215 ἐπὶ
1087 3145 1207 3215 τὸν
1229 3143 1475 3236 Ἰσραήλ
1490 3167 1504 3183 ·
1550 3142 1701 3215 οὐαὶ
1729 3150 1811 3233 τῇ
1844 3129 2023 3233 ψύχῇ
2051 3141 2293 3228 αὐτῶν,
2322 3142 2426 3216 ὅτι
2453 3143 2828 3228 βεβούλευν-

515 3287 621 3330 ται
648 3263 895 3354 βουλὴν
912 3265 1212 3355 πονηρὰν
1234 3262 1391 3335 καθ’
1425 3265 1699 3347 ἑαυτῶν,
1722 3264 2041 3346 εἰπόντες·
2076 3264 2376 3356 δήσωμεν
2403 3263 2527 3333 τὸν
2556 3268 2830 3353 δίκαιον,

513 3375 625 3449 ὅτι
690 3381 1089 3472 δύσχρηστος
1152 3381 1308 3475 ἡμῖν
1374 3387 1568 3456 ἐστιν.
1680 3389 1969 3455 Tametsi
2039 3408 2191 3454 vero
2257 3386 2516 3473 probari
2580 3394 2827 3473 posset,

520 3510 736 3588 patres
782 3507 1038 3591 priseae
1085 3507 1420 3592 ecelesiae,
1468 3508 1577 3593 qui
1621 3505 2022 3575 solummodo
2061 3508 2359 3574 versione
2388 3507 2832 3575 Alexandrina-

526 3624 892 3709 utebantur,
949 3626 1128 3692 libris
1185 3627 1325 3693 istis
1382 3625 1667 3693 divinam
1716 3628 2028 3713 originem
2072 3628 2390 3713 tribuisse,
2434 3650 2582 3693 num
2628 3628 2832 3714 ponti-

521 3741 640 3809 fioii
695 3745 894 3812 libros
941 3747 1285 3813 canonicos
1333 3754 1397 3813 et
1441 3747 1849 3834 apocryphos
1897 3725 2399 3832 aequiparantes
2458 3747 2609 3815 inde
2640 3747 2830 3832 justi-

521 3861 826 3931 ficantur?
869 3866 1159 3952 Minime3
1205 3867 1434 3949 quodsi
1472 3867 1839 3934 testimonio
1886 3866 2206 3934 ecelesiae
2235 3868 2611 3953 primaevae
2648 3874 2831 3935 tanta

654 4107 672 4146 1
720 4111 819 4161 Ad
848 4109 1103 4163 Philad.
1143 4124 1187 4162 c.
1217 4108 1278 4175 V,
1306 4125 1358 4176 p.
1387 4108 1488 4162 178
1522 4105 1628 4172 (ed.
1658 4105 1779 4163 Hef.
1803 4123 1857 4176 p.
1884 4109 2024 4173 214).

655 4192 677 4231 ²
721 4191 779 4247 O.
806 4191 897 4259 VI,
923 4210 977 4263 p.
1003 4196 1106 4247 384
1139 4193 1247 4260 (ed.
1271 4194 1395 4248 Hes.
1417 4211 1472 4262 p.
1497 4195 1640 4258 264).

658 4279 682 4318 ³
728 4278 837 4332 Csr.
860 4277 1066 4334 indices
1101 4279 1339 4333 locorum
1377 4278 1693 4348 Scripturae
1729 4294 1917 4335 sacrae
1953 4277 2176 4335 editioni
2213 4280 2594 4336 Dresselianae
2630 4286 2686 4335 et
2719 4281 2828 4337 He·

516 4357 738 4418 feliauae
774 4363 1003 4419 additos,

2384 4472 2416 4523 3
