3264 5076
32 4446 47 4456 v
22 4293 25 4336 A*

1480 437 1550 507 11

517 664 846 741 Iosephum'
888 660 1165 728 eandem
1206 660 1649 748 inspirationis
1693 658 2019 728 notionem
2064 658 2372 729 habuisse
2404 683 2485 729 ex
2517 662 2657 746 ejus

348 784 584 859 Antiqq.
612 780 654 845 l.
683 780 788 865 IV,
819 785 876 866 6,
908 786 947 844 5
982 779 1088 866 (T.
1119 782 1168 866 I,
1198 785 1405 867 p.216
1434 780 1603 866 sqq.)
1637 781 1801 847 satis
1830 783 2056 849 elueet.
2114 781 2210 847 Ibi
2240 783 2412 848 enim
2447 783 2659 848 Bilea-

328 918 538 982 -mum,
586 900 695 982 qui
736 900 1049 966 Israelitis
1094 908 1319 967 eontra
1361 921 1544 966 suam
1591 908 1657 968 et
1686 902 1955 968 Balaaei
1999 903 2394 968 voluntatem
2441 900 2658 967 fausta

352 1018 742 1102 apprecatus
772 1024 889 1103 est,
915 1017 1290 1085 defensurus
1315 1006 1480 1086 hune
1504 1018 1598 1086 ita
1617 1021 1986 1104 loquentem
2020 1020 2190 1106 facit,
2223 1028 2441 1086 utnon
2473 1040 2657 1086 suam

351 1144 599 1201 tantum
647 1135 1080 1204 conditionem
1136 1138 1578 1224 propheticam
1627 1140 1978 1223 describat,
2037 1138 2154 1206 sed
2199 1139 2658 1225 prophetarum

351 1257 529 1322 viees
573 1276 780 1339 agens
826 1257 1120 1323 omnibus
1167 1259 1652 1345 oppressionem
1692 1259 1893 1324 menti
1925 1280 1966 1325 a
1996 1260 2222 1345 spiritu
2257 1259 2380 1325 Dei
2410 1259 2658 1325 illatam

352 1377 718 1441 attribuat.¹

349 1565 540 1632 κῆσαι”
580 1557 675 1615 διὰ
707 1565 861 1617 τοῦτο
898 1559 930 1634 ἧ
972 1559 1167 1622 δόσις
1202 1564 1313 1617 τοῦ
1347 1565 1687 1638 λογισμοῦ
1723 1563 1943 1619 καὶτὸ
1974 1566 2137 1636 περὶ
2177 1562 2382 1620 αὐτόν
2419 1562 2664 1624 σκότος

351 1645 682 1712 ἔκστασιν
730 1651 844 1702 καὶ
907 1646 1343 1720 θεοφόρητον
1384 1653 1652 1723 μανίαν
1700 1646 2096 1721 ἐγέννησεν.
2170 1650 2400 1706 Ὄντως
2453 1648 2584 1722 γὰρ
2634 1648 2662 1704 ό

353 1731 751 1804 προφήτης,
772 1735 888 1787 καί
927 1730 1130 1788 ὁπότε
1178 1734 1412 1805 λέγειν
1436 1735 1668 1801 δοκεῖ,
1721 1733 1885 1807 πρὸς
1922 1733 2261 1806 ἀλήθειαν
2297 1733 2658 1808 ἡσυχάζει,

349 1822 779 1891 καταχρῆται
817 1818 888 1872 δὲ
925 1815 1158 1891 ἕτερος
1193 1818 1388 1874 αὐτοῦ
1424 1826 1563 1879 τοῖς
1600 1824 2070 1894 φωνητηρίοις
2108 1819 2461 1896 ὀργάνοις,
2507 1818 2661 1875 στό-

352 1924 514 1976 ματι
557 1906 674 1958 καὶ
721 1903 979 1979 γλώττῃ
1028 1902 1197 1980 πρὸς
1237 1924 1537 1978 μηνυσιν
1581 1895 1672 1960 ὧν
1722 1905 1804 1959 ἄν
1847 1906 2037 1980 θέλῃ.
2120 1906 2302 2009 Τέχνη
2340 1904 2399 1961 δ’
2439 1901 2658 1980 ἀοράτῳ

350 1992 444 2044 και
481 1988 794 2064 παμμοόσῳ
828 1995 994 2044 ταῦτα
1028 1987 1164 2060 κροι
1165 2010 1245 2044 ων
1281 2009 1455 2063 ευηχα
1490 1993 1585 2046 καὶ
1624 1990 1981 2064 παναρμόνια
2016 1994 2111 2046 καὶ
2146 1993 2394 2065 γέμοντα
2429 2010 2656 2065 συμφω·

351 2078 472 2136 νίας
506 2080 600 2147 τῆς
628 2074 810 2147 πάσης
843 2073 1117 2132 ἀποτελεῖ.
1158 2108 1226 2116 -
1260 2079 1343 2131 De
1378 2081 1641 2133 monarch.
1666 2079 1709 2133 I.
1747 2078 1810 2133 T.
1840 2078 1906 2146 ΙΙ,
1945 2095 1997 2147 p.
2024 2080 2150 2131 2¹2.
2182 2075 2238 2131 ‘0
2264 2072 2569 2149 προφήτης,
2606 2076 2658 2129 εί

355 2162 532 2232 λέγει,
580 2160 643 2216 οὗ
688 2159 919 2216 δύναται
961 2162 1310 2232 καταλαβεῖν,
1357 2161 1456 2232 ὃγε
1498 2160 1872 2236 κατεχόμενος
1918 2182 2085 2222 οντως
2125 2165 2220 2217 καί
2266 2158 2595 2226 ἐνθουσιῶν,
2635 2161 2664 2213 ὃ

357 2245 413 2298 δ’
451 2243 736 2318 ἐνηχεῒται
774 2243 954 2301 διελει
956 2265 1110 2300 σεται
1145 2244 1410 2318 καθάπερ
1448 2244 1843 2318 ὗποβαλλοντος
1874 2246 2077 2320 ἑτέρου.
2127 2245 2202 2301 Ε
2212 2266 2337 2320 ρμη
2352 2253 2499 2306 νεις
2530 2267 2662 2319 γαρ

358 2332 543 2388 εἰσιν
585 2333 650 2386 οἱ
708 2335 1057 2404 προφῆται
1114 2336 1282 2386 θεοῦ
1335 2333 1870 2407 καταχρωμένου
1922 2339 2062 2395 τοῖς
2118 2329 2405 2388 ἐκείνων
2461 2331 2665 2405 ὀργα-

360 2438 502 2477 νοις
549 2416 714 2492 πρός
759 2416 1056 2489 δήλωσιν
1103 2410 1187 2471 ὧν
1232 2417 1314 2473 ἂν
1360 2414 1677 2492 ἐθελήσῃ.
1729 2451 1790 2458 -
1839 2423 1917 2474 De
1951 2425 2207 2490 spealey.
2246 2419 2308 2476 T.
2334 2419 2405 2486 II,
2450 2434 2503 2487 p.
2533 2420 2661 2472 343:

357 2500 645 2576 προφήτης
680 2502 844 2558 οὐδὲν
869 2504 1017 2558 ἴδιον
1043 2501 1419 2575 ἀποφαίνεται
1453 2501 1514 2559 τό
1549 2501 1839 2573 παράπαν,
1884 2503 1996 2560 ἀλλ’
2025 2503 2178 2560 ἔστιν
2203 2500 2493 2577 ἑρμηνεός,
2534 2500 2664 2558 ὕπο·

354 2588 647 2660 βάλλοντος
681 2588 871 2661 ἑτέρου
907 2588 1081 2644 πάνθ’
1120 2591 1223 2645 ὅσα
1261 2592 1538 2662 προφέρει
1574 2592 1669 2644 καὶ
1714 2610 1794 2644 κα
1812 2589 1877 2643 θ’
1916 2590 1994 2644 ὃν
2029 2587 2286 2663 χρόνον
2318 2586 2668 2662 ἐνθουσιᾷ

358 2693 664 2746 γεγονως
711 2671 783 2729 ἐν
828 2672 1104 2747 ἀγνοίᾳ,
1158 2677 1761 2751 μετανισταμένου
1809 2677 1938 2749 μὲν
1989 2680 2104 2731 τοῦ
2158 2677 2498 2750 λογισμοῦ
2551 2678 2671 2730 καὶ

359 2758 1029 2833 παρακεχωρηκότος
1071 2756 1190 2831 τὴν
1237 2764 1353 2830 τῆς
1399 2765 1622 2833 ψυχης
1670 2758 2075 2835 ακρόπολιν,
2135 2757 2673 2832 ἑπιπεφοιτηκό-

363 2864 475 2904 τος
521 2844 592 2899 δὲ
636 2846 751 2898 καί
798 2841 1222 2920 ἐνῳκηκότος
1268 2850 1382 2898 τοῦ
1430 2850 1623 2902 θείου
1673 2844 2063 2920 πνεύματος
2104 2848 2221 2901 καί
2271 2849 2501 2901 πασαν
2548 2865 2671 2914 την

332 2933 748 3033 ’,ῒῆςφωνῆςτ
755 2931 1270 3001 υργανοποιίαν
1295 2929 1805 3003 κρθυοντῦςκαὶ
1844 2930 2264 3004 ἐνηχθυνῖθς
2288 2932 2386 2990 clf
2411 2929 2669 3002 ἐναργῆ

364 3013 662 3085 δηλωσιν
708 3037 793 3070 ων
841 3019 1323 3088 προθεσπίζει.
1380 3049 1447 3057 -
1508 3020 1636 3080 Quis
1672 3038 1770 3073 rev.
1809 3023 1911 3075 div.
1947 3023 2086 3074 haer.
2122 3019 2183 3074 T.
2210 3018 2261 3084 Ι,
2310 3035 2364 3087 p.
2389 3020 2515 3071 482:
2576 3015 2673 3075 Τίς·

361 3122 458 3155 οιν
492 3096 757 3173 γενήσται
802 3099 1099 3203 κληρονόμ·
1102 3119 1172 3166 ς,·
1220 3099 1323 3173 οὐχ
1371 3101 1399 3156 6
1438 3103 1628 3175 μένων
1666 3098 1728 3157 ἐν
1761 3107 1826 3177 τῇ
1872 3102 2125 3176 σώματος
2170 3103 2359 3177 εἱρκτῆ
2406 3098 2671 3175 λογισμὸς

357 3185 487 3240 καθ’
524 3183 783 3241 εκούσιον
817 3185 1066 3260 γνώμνν,
1107 3185 1221 3240 ἄλλ’
1261 3187 1289 3240 ὃ
1325 3190 1514 3247 λυθείς
1549 3191 1661 3243 τῶν
1695 3190 1936 3260 δεσμῶν,
1981 3191 2077 3242 καὶ
2121 3184 2529 3258 ἐλευθερωθεις
2576 3190 2671 3244 καὶ

362 3269 464 3329 ἔξω
500 3277 706 3343 τειχῶν
743 3270 1156 3342 προεληλυθώς,
1204 3274 1300 3325 καί
1347 3272 1397 3326 εἰ
1433 3266 1555 3326 οἶόν
1587 3294 1645 3327 τε
1683 3277 1835 3328 τοῖτο
1873 3273 2055 3327 εἰπεῖν
2091 3271 2249 3333 αὐτὸς
2282 3268 2475 3327 ἑαυτὸν
2510 3293 2672 3330 κατα-

360 3354 642 3417 λελοιπιτς.
705 3357 791 3417 Ὃς
829 3378 967 3429 γαρ,
1015 3360 1209 3429 φησίν,
1258 3354 1597 3415 ἐξελεῖ-σεται
1645 3355 1705 3412 ἐκ
1750 3362 1881 3422 σοῦ,
1937 3345 2092 3418 οἷτος
2141 3349 2546 3432 κληρονομησει
2590 3378 2670 3415 σε.

362 3439 553 3502 Πόθος
588 3464 687 3497 ουν
722 3445 779 3497 εἴ
808 3462 891 3501 τις
927 3442 1244 3514 εἰσέρχεταί
1279 3462 1372 3507 σε,
1410 3441 1590 3514 ψυχή,
1628 3448 1739 3498 τῶν
1764 3445 1939 3498 θείων
1964 3439 2203 3515 ἆγαθῶν
2236 3446 2668 3516 κληρονομῆσαι,

359 3524 433 3599 μὴ
466 3525 647 3601 μόνον
680 3532 808 3601 γῆν,
844 3524 904 3583 τὸ
939 3531 1098 3600 σῶμα
1133 3547 1228 3581 και
1265 3528 1617 3599 συγγένειαν,
1666 3530 1939 3599 αι’σθησιν
1972 3531 2067 3583 καὶ
2105 3524 2262 3583 οἷκον
2298 3530 2529 3600 πατρὸς,
2574 3525 2672 3584 τὸν

357 3611 539 3684 λόγον,
576 3616 897 3687 καταλίπῃς,
935 3609 1072 3667 ἀλλὰ
1107 3633 1200 3666 και
1239 3632 1534 3683 σεαυτην
1570 3611 1950 3683 απόδραθι,
1986 3617 2101 3668 καὶ
2137 3612 2432 3685 ἔκστηθι
2469 3633 2672 3670 σεαυ-

361 3700 499 3769 τῆς,
553 3696 876 3769 καθάπερ
923 3699 987 3751 οἱ
1040 3702 1629 3770 κορυβαντιῶντες
1681 3701 1795 3753 καί
1841 3696 2327 3774 κατεχόμενοι,
2382 3706 2673 3772 βακχευ-

360 3788 565 3838 θεῖσα
601 3785 717 3838 καί
754 3788 1287 3855 θεοφορηθεῒσα
1322 3781 1489 3840 κατά
1526 3804 1677 3840 τινα
1714 3783 2150 3857 προφητικὸν
2180 3781 2673 3860 ε’πιθειασμόν,

358 3864 866 3941 Ἐνθουσιώσης
910 3864 1039 3939 γὰρ
1074 3872 1189 3924 καὶ
1237 3867 1356 3924 οὐκ
1393 3867 1494 3925 ἔτι
1541 3869 1748 3941 οὔσης
1793 3865 1865 3924 ἐν
1910 3868 2110 3947 ἑαυτῇ
2155 3871 2506 3936 διανοίας,
2556 3868 2671 3926 ἀλλ’

362 3949 519 4024 ἔρωτι
556 3953 798 4028 οὐρανίῳ
843 3953 1215 4027 σεσοβημένης
1258 3956 1354 4008 καὶ
1389 3950 1756 4029 ἐκμεμηνείας
1799 3957 1894 4009 καί
1942 3954 2056 4009 ἄνω
2104 3954 2244 4027 πρὸς
2287 3952 2451 4011 αὐτὸν
2499 3955 2673 4011 εἱλκυ·

359 4036 586 4111 σμένης,
622 4037 924 4111 προϊούσης
959 4037 1226 4108 α’ληθείας
1260 4042 1355 4094 καὶ
1392 4039 1495 4094 τάν
1534 4042 1707 4094 ποσὶν
1744 4037 2206 4112 ἇναστελλοὺσης,
2239 4040 2332 4095 ἵνα
2366 4039 2507 4096 κατὰ
2540 4044 2672 4097 λεω·

365 4120 541 4195 φόρου
574 4127 759 4196 βαίνοι
794 4145 888 4180 του
925 4123 1074 4189 όδοῧ,
1110 4123 1171 4178 τὸ
1205 4125 1484 4196 γενέσθαι
1519 4129 1631 4179 τῶν
1668 4129 1847 4181 θείων
1880 4123 2240 4199 κληρονόμον.

499 4213 519 4253 1
571 4206 741 4264 Καὶε
719 4232 748 4264 ο
778 4210 888 4284 μὲν
923 4210 1040 4277 (sol.
1064 4210 1359 4276 Bileamus)
1399 4214 1622 4265 τοιαῦτα
1659 4207 1996 4275 ἐπεθείαζεν
2031 4209 2149 4265 οὔκ
2188 4210 2274 4266 ὧν
2311 4207 2389 4267 ἐν
2421 4210 2669 4289 ἑαυτῷ,

368 4296 440 4369 τῷ
489 4294 550 4350 δὲ
598 4300 740 4370 θείῳ
787 4292 1056 4370 πνεύματι
1107 4291 1243 4367 πρὸς
1298 4289 1434 4349 αὔτα
1478 4297 1858 4370 κεκινημένος.
1904 4328 1973 4337 —-
2018 4327 2085 4337 ——
2133 4318 2176 4350 ω
2218 4291 2470 4363 Βαλακε,
2526 4300 2671 4399 φησί

366 4381 479 4443 (sel.
502 4381 814 4452 Bileamus)‚
843 4382 1052 4472 δοκεῖς,
1091 4374 1174 4448 ἐφ
1212 4375 1380 4452 ημῖν
1415 4383 1467 4448 (i
1496 4399 1540 4437 e.
1567 4381 1873 4452 prophetis)
1911 4376 2061 4436 εἷναί
2093 4400 2144 4435 τι
2180 4382 2314 4454 περὶ
2352 4379 2464 4437 τῶν
2498 4378 2668 4437 τοιού-
