3264 5076
1598 399 1728 495 454

513 625 596 690 ab
657 644 737 691 eo
804 643 933 688 non
989 620 1395 707 discrepare,
1465 622 1590 687 looi
1652 642 1848 707 supra
1909 622 2089 687 allati
2151 623 2312 687 satis
2367 621 2830 689 demonstrant.

520 748 750 807 Deinde
799 743 984 807 affert
1026 745 1299 804 Iustinus
1346 741 1660 807 interdum
1704 742 2005 806 historias
2037 742 2102 805 in
2131 740 2573 807 Pentateucho
2615 762 2831 807 narra-

516 872 615 927 tas
681 862 908 928 eodem
981 861 1171 927 modo
1246 883 1368 944 quo
1430 861 1740 926 vaticinia
1808 861 2294 946 prophetarum:
2371 855 2830 947 Ἐξηγούμενος

514 973 636 1048 οὖν
681 979 788 1047 διὰ
834 982 1139 1057 Μωσέως
1184 975 1220 1046 ὁ
1267 977 1462 1066 λόγος
1504 983 1622 1046 τοῦ
1660 983 1824 1046 θεοῦ
1861 977 1943 1044 τὰ
1980 983 2130 1064 περὶ
2159 973 2400 1060 Ἰακώβ,
2431 982 2550 1046 τοῦ
2583 978 2827 1044 υἱωνοῦ

516 1103 636 1166 τοῦ
668 1095 963 1186 Ἀβραάμ,
998 1096 1209 1178 οὕτως
1241 1103 1400 1188 ([ησί
1438 1099 1631 1185 (Gen.
1653 1101 1863 1183 XXX,
1901 1103 2163 1164 10-13.
2195 1100 2464 1177 XXXII,
2496 1098 2810 1183 20--30)Ι

517 1228 610 1286 et:
671 1221 946 1306 Εἴρηται
999 1217 1121 1305 γάρ
1176 1243 1308 1286 που
1366 1222 1477 1285 καὶ
1532 1216 1640 1284 διὰ
1699 1220 2003 1295 Μωσέως
2057 1218 2128 1284 ἐν
2181 1221 2263 1302 τῇ
2316 1212 2556 1303 Ἐξόδῳ
2612 1213 2824 1294 οὕτως

513 1339 1067 1425 (Ex.V1,2-4)2;
1105 1341 1259 1423 quin
1299 1340 1493 1406 etiam
1526 1340 1719 1404 utitur
1747 1340 2101 1421 allegorica
2131 1337 2336 1403 divini
2360 1337 2597 1405 codicis
2631 1338 2821 1404 inter-

503 1460 922 1544 pretatione.²3
982 1466 1286 1523 Postremo
1315 1460 1704 1545 apologetae
1731 1459 1969 1524 diserte
1998 1458 2312 1540 originem
2339 1458 2638 1525 librorum
2669 1477 2818 1540 quo-

506 1599 625 1662 que
657 1578 1097 1644 historicorum
1136 1578 1220 1643 ab
1251 1579 1672 1663 inspiratione
1718 1578 2097 1665 prophetica
2128 1576 2470 1643 deducunt.
2544 1584 2820 1642 ,lustinus

501 1700 669 1763 enim
718 1698 994 1783 gentiles
1038 1700 1130 1763 ita
1175 1698 1540 1783 compellat:
1596 1697 1825 1783 καιρὸς
1869 1688 1990 1763 οὖν
2034 1692 2175 1784 ἥκει
2220 1700 2365 1775 νῦν,
2419 1698 2813 1773 πεισθέντας

498 1813 679 1902 ὑμᾶς,
726 1808 782 1883 ὦ
829 1812 1060 1900 ἄνδρες
1088 1812 1412 1903 Ἕλληνες,
1460 1812 1591 1884 α’πό
1621 1821 1762 1883 τῶν
1792 1817 2046 1899 ἔξωθεν
2081 1817 2407 1902 ἱστοριῶν,
2440 1810 2541 1883 ὅτι
2574 1819 2810 1902 πολλῷ

497 1934 928 2020 πρεσβύτατοι
973 1940 1225 2023 Μωσῆς
1279 1940 1389 2003 καὶ
1434 1937 1497 2002 οἱ
1542 1940 1763 2003 λοιποὶ
1805 1940 2142 2023 προφῆται
2184 1933 2487 2022 γεγόνασι
2530 1932 2807 2001 πάντων

495 2060 635 2121 τῶν
688 2051 842 2142 παρ’
892 2052 1046 2140 ὑμῖν
1106 2060 1339 2138 σοφῶν
1382 2059 1770 2142 γεγενῆσθαι
1822 2050 2306 2140 νομισθέντων,
2362 2058 2476 2142 τῆς
2526 2058 2809 2132 παλαιᾶς

492 2176 612 2260 μὲν
660 2170 819 2260 ὑμᾶς
863 2180 1001 2241 τῶν
1044 2172 1399 2261 προγόνων
1443 2170 1808 2263 α’ποστῆναι
1850 2172 2119 2262 πλάνης,
2176 2175 2470 2260 ἐντυχεῖν
2524 2176 2594 2241 ὁὲ
2636 2188 2807 2252 ταῖς

499 2272 762 2373 θείαις
813 2299 975 2362 τῶν
1018 2299 1463 2383 προφητῶν
1508 2294 1894 2382 ἱστορίαις
1937 2297 2048 2360 καὶ
2090 2298 2341 2380 γνῶναι
2386 2289 2539 2380 παρ’
2582 2288 2807 2360 αὐτῶν

489 2413 611 2502 τὴν
664 2409 881 2502 ἀληθῆ
945 2416 1354 2495 θεοσέβειαν,
1412 2409 1494 2479 οὗ
1556 2412 1778 2499 λόγων
1839 2407 1994 2499 ὑμῖν
2053 2407 2607 2499 ἀπαγγελλόντων
2666 2415 2805 2499 τέχ-

492 2560 658 2613 ναις,
724 2528 875 2601 ου’όὲ
942 2537 1248 2612 πιθανῶς
1313 2537 1424 2601 καὶ
1488 2537 1918 2611 πιστευτικῶς
1983 2531 2316 2619 λεγόντων
2391 2534 2616 2622 (τοῦτο
2677 2531 2800 2620 γὰρ

490 2656 660 2720 ἴδιον
710 2658 852 2720 τῶν
894 2653 1015 2740 τὴν
1059 2650 1378 2741 α’λήθειαν
1425 2650 1895 2735 κλεπτόντων),
1938 2648 2080 2720 ἄλλ’
2123 2649 2387 2733 ἁπλῶς
2429 2669 2593 2732 τοῖς
2639 2654 2804 2720 ἐπι-

491 2778 861 2859 τυχοῦσιν
922 2768 1253 2858 όνόμασί
1307 2799 1383 2838 τε
1430 2776 1557 2839 καὶ
1602 2771 1881 2860 ῥήμασι
1936 2776 2368 2860 χρωμένων
2403 2778 2532 2841 καὶ
2568 2770 2802 2841 πανθ’

496 2889 678 2979 ὑμῖν
723 2888 1410 2979 ἀπαγγελλόντων,
1460 2889 1501 2960 ὂ
1543 2891 1629 2959 τὸ
1677 2889 1899 2979 ἅγιον
1945 2889 2054 2960 ἐπ’
2096 2889 2377 2971 αὐτοὺς
2406 2893 2799 2961 κατελθὸν

487 3017 785 3098 πνεῦμα
828 3010 1009 3090 τούς
1050 3009 1194 3099 τὴν
1238 3007 1492 3098 α’ληθῆ
1537 3014 1996 3094 θεοσέβειαν
2038 3011 2480 3097 μανθάνειν
2523 3019 2799 3095 βουλο-

486 3134 767 3216 μένους
814 3127 895 3198 δι’
937 3126 1196 3197 αὐτῶν
1240 3129 1642 3198 διδάσκειν
1670 3129 2161 3219 προῄρηται.4
2249 3138 2611 3212 Theophilus
2643 3155 2797 3201 vero

480 3258 819 3335 postquam
874 3250 1224 3336 prophetas
1291 3244 1401 3315 ὑπ’
1463 3246 1667 3317 αὐτοῦ
1724 3255 1845 3318 τοῦ
1899 3254 2063 3317 θεοῦ
2117 3251 2643 3336 ἐμπνευσθέντας
2689 3257 2795 3319 καὶ

480 3371 948 3456 σοφισθέντας,
996 3367 1244 3458 ὄργανα
1287 3375 1451 3437 θεοῦ
1494 3372 1883 3457 γενομένους
1930 3373 2042 3436 καὶ
2084 3368 2511 3458 χωρήσαντας
2556 3376 2797 3456 σοφίαν

618 3577 635 3616 ¹
684 3579 831 3633 Diaz.
860 3596 900 3632 e.
941 3580 1025 3631 Tr.
1066 3593 1108 3630 o.
1135 3580 1219 3643 58,
1258 3594 1311 3646 p.
1344 3580 1455 3630 192.

617 3665 640 3704 2
686 3665 829 3717 Diaz.
860 3682 901 3718 e.
937 3665 1023 3716 Tr.
1064 3679 1107 3716 c,
1144 3665 1252 3728 126,
1289 3680 1341 3731 p.
1371 3666 1485 3715 240.

616 3752 639 3788 3
683 3751 827 3803 Diaz.
859 3768 900 3803 c.
937 3751 1025 3802 Tr.
1063 3764 1106 3802 e.
1132 3750 1217 3815 42,
1258 3765 1308 3816 p.
1341 3751 1465 3801 136:
1524 3748 1640 3800 Καὶ
1684 3743 1933 3800 tel-diua
1979 3745 2041 3800 δὲ
2101 3744 2280 3800 πάντα
2335 3748 2521 3808 ἅπλῶς
2573 3749 2639 3803 τὰ
2686 3748 2792 3804 ὑπὸ

478 3833 735 3892 ,Μωσέως
772 3833 1148 3902 διαταχθέντα
1187 3830 1429 3906 δύναμαι
1465 3819 1834 3904 καταριθμῶν
1859 3829 2261 3885 ἀποδεικνύναι
2296 3831 2495 3893 τύπους
2529 3838 2624 3888 καὶ
2661 3834 2794 3907 σύμ-

471 3920 604 3985 βολα
650 3920 744 3970 καὶ
791 3921 1164 3987 καταγγελίας
1206 3922 1315 3971 τῶν
1362 3922 1435 3992 τῷ
1476 3920 1706 3992 Χριστῷ
1753 3920 2017 3987 γίνεσθαι
2063 3913 2375 3990 μελλόντων
2420 3923 2515 3971 καί
2559 3924 2668 3974 τῶν
2714 3920 2795 3979 εἰς

478 4000 644 4056 αὐτὸν
678 4000 967 4056 πιστεύειν
1016 4003 1501 4074 προεγνωσμένων
1547 4005 1642 4056 καὶ
1684 4006 1795 4057 τῶν
1830 4000 1921 4055 ὑπ’
1954 4001 2117 4056 αὐτοῦ
2162 4007 2257 4057 τοῦ
2295 4005 2543 4074 Χριστοῦ
2596 4004 2795 4077 ὁμοίως

470 4091 740 4157 γίνεσθαι
776 4085 1107 4159 μελλὸντων.
1165 4090 1307 4144 Ibid.
1347 4105 1390 4142 c.
1420 4092 1503 4156 14,
1542 4106 1593 4157 p.
1621 4091 1739 4143 378.
1767 4091 1892 4142 380:
1935 4089 2050 4140 Καὶ
2078 4086 2189 4158 γὰρ
2216 4085 2277 4142 ἐν
2303 4093 2586 4165 παραβολῇ
2625 4093 2790 4144 λίθον

471 4173 746 4243 πολλαχοῦ
801 4173 993 4225 καλεῖν
1040 4170 1311 4229 ἀπέδειξα
1368 4171 1462 4227 τὸν
1509 4171 1761 4248 Χριστὸν
1806 4175 1901 4226 καὶ
1948 4168 2011 4226 ἐν
2058 4177 2392 4246 τρυπολογίᾳ
2450 4173 2637 4245 Ἰακώβ
2691 4179 2785 4231 καὶ

467 4254 699 4328 Ἰσραήλ.

603 4345 624 4383 ⁴
678 4345 796 4398 0072.
831 4349 903 4398 ad
947 4345 1038 4397 Gr.
1078 4360 1119 4398 e.
1149 4348 1229 4412 35,
1269 4362 1320 4414 p.
1349 4348 1429 4401 98.
