<?xml version="1.0" encoding="UTF-8"?>
<!DOCTYPE html PUBLIC "-//W3C//DTD XHTML 1.0 Transitional//EN"
    "http://www.w3.org/TR/xhtml1/DTD/xhtml1-transitional.dtd">
<html xmlns="http://www.w3.org/1999/xhtml" xml:lang="en" lang="en">
 <head>
  <title>
</title>
<meta http-equiv="Content-Type" content="text/html;charset=utf-8" />
  <meta name='ocr-system' content='tesseract 3.04.00' />
  <meta name='ocr-capabilities' content='ocr_page ocr_carea ocr_par ocr_line ocrx_word'/>
</head>
<body>
  <div class='ocr_page' id='page_1' title='image "./deinspirationes00deligoog_0070.png"; bbox 0 0 3264 5076; ppageno 0'>
   <div class='ocr_carea' id='block_1_1' title="bbox 1657 388 1748 462">
    <p class='ocr_par' dir='ltr' id='par_1_1' title="bbox 1657 388 1748 462">
     <span class='ocr_line' id='line_1_1' title="bbox 1657 388 1748 462; baseline 0 0"><span class='ocrx_word' id='word_1_1' title='bbox 1657 388 1748 462; x_wconf 80' lang='lat'><strong>58</strong></span> 
     </span>
    </p>
   </div>
   <div class='ocr_carea' id='block_1_2' title="bbox 1581 482 1844 490">
    <p class='ocr_par' dir='ltr' id='par_1_2' title="bbox 1581 482 1844 490">
     <span class='ocr_line' id='line_1_2' title="bbox 1581 482 1844 490; baseline -0.008 1"><span class='ocrx_word' id='word_1_2' title='bbox 1581 482 1780 490; x_wconf 41' lang='grc' dir='ltr'><strong>ἓ*-</strong></span> <span class='ocrx_word' id='word_1_3' title='bbox 1795 483 1844 489; x_wconf 76' lang='lat'><strong>--</strong></span> 
     </span>
    </p>
   </div>
   <div class='ocr_carea' id='block_1_3' title="bbox 548 613 2901 3092">
    <p class='ocr_par' dir='ltr' id='par_1_3' title="bbox 548 613 2901 3092">
     <span class='ocr_line' id='line_1_3' title="bbox 566 613 2893 699; baseline 0.003 -25"><span class='ocrx_word' id='word_1_4' title='bbox 566 629 690 694; x_wconf 89' lang='lat' dir='ltr'><strong>quo</strong></span> <span class='ocrx_word' id='word_1_5' title='bbox 747 631 957 679; x_wconf 88' lang='lat' dir='ltr'><strong>canon</strong></span> <span class='ocrx_word' id='word_1_6' title='bbox 1005 614 1172 680; x_wconf 85' lang='lat' dir='ltr'><strong>Novi</strong></span> <span class='ocrx_word' id='word_1_7' title='bbox 1219 615 1654 699; x_wconf 72' lang='lat' dir='ltr'><strong>Testamenti,</strong></span> <span class='ocrx_word' id='word_1_8' title='bbox 1699 622 1769 681; x_wconf 89' lang='lat' dir='ltr'><strong>nt</strong></span> <span class='ocrx_word' id='word_1_9' title='bbox 1812 615 2006 699; x_wconf 83' lang='lat' dir='ltr'><strong>vulgo</strong></span> <span class='ocrx_word' id='word_1_10' title='bbox 2061 613 2374 697; x_wconf 87' lang='lat' dir='ltr'><strong>creditur,</strong></span> <span class='ocrx_word' id='word_1_11' title='bbox 2419 613 2701 680; x_wconf 84' lang='lat' dir='ltr'><strong>nondum</strong></span> <span class='ocrx_word' id='word_1_12' title='bbox 2747 633 2893 680; x_wconf 87' lang='lat' dir='ltr'><strong>con·</strong></span> 
     </span>
     <span class='ocr_line' id='line_1_4' title="bbox 569 722 2894 818; baseline 0.001 -23"><span class='ocrx_word' id='word_1_13' title='bbox 569 731 825 796; x_wconf 89' lang='lat' dir='ltr'><strong>stitutus</strong></span> <span class='ocrx_word' id='word_1_14' title='bbox 871 740 1013 799; x_wconf 90' lang='lat' dir='ltr'><strong>erat</strong></span> <span class='ocrx_word' id='word_1_15' title='bbox 1024 783 1039 816; x_wconf 91' lang='lat'>‚</span> <span class='ocrx_word' id='word_1_16' title='bbox 1097 733 1351 818; x_wconf 85' lang='lat' dir='ltr'><strong>scriptis</strong></span> <span class='ocrx_word' id='word_1_17' title='bbox 1398 733 1784 817; x_wconf 86' lang='lat' dir='ltr'><strong>quibusdam</strong></span> <span class='ocrx_word' id='word_1_18' title='bbox 1831 733 1936 800; x_wconf 81' lang='lat' dir='ltr'><strong>vel</strong></span> <span class='ocrx_word' id='word_1_19' title='bbox 1984 722 2467 801; x_wconf 87' lang='lat' dir='ltr'><strong>collectionibus</strong></span> <span class='ocrx_word' id='word_1_20' title='bbox 2513 733 2894 817; x_wconf 88' lang='lat' dir='ltr'><strong>scriptorum</strong></span> 
     </span>
     <span class='ocr_line' id='line_1_5' title="bbox 566 849 2893 937; baseline -0 -21"><span class='ocrx_word' id='word_1_21' title='bbox 566 850 736 916; x_wconf 86' lang='lat' dir='ltr'><strong>Novi</strong></span> <span class='ocrx_word' id='word_1_22' title='bbox 768 851 1169 918; x_wconf 79' lang='lat' dir='ltr'><strong>Testamenti</strong></span> <span class='ocrx_word' id='word_1_23' title='bbox 1214 851 1527 937; x_wconf 78' lang='lat' dir='ltr'>originem</span> <span class='ocrx_word' id='word_1_24' title='bbox 1567 860 1632 919; x_wconf 90' lang='lat' dir='ltr'><strong>et</strong></span> <span class='ocrx_word' id='word_1_25' title='bbox 1665 853 2112 921; x_wconf 83' lang='lat' dir='ltr'><strong>auctoritatem</strong></span> <span class='ocrx_word' id='word_1_26' title='bbox 2149 852 2436 919; x_wconf 84' lang='lat' dir='ltr'><strong>divinam</strong></span> <span class='ocrx_word' id='word_1_27' title='bbox 2479 871 2628 919; x_wconf 90' lang='lat' dir='ltr'><strong>esse</strong></span> <span class='ocrx_word' id='word_1_28' title='bbox 2676 849 2893 916; x_wconf 86' lang='lat' dir='ltr'><strong>addic-</strong></span> 
     </span>
     <span class='ocr_line' id='line_1_6' title="bbox 569 971 2894 1059; baseline -0.001 -23"><span class='ocrx_word' id='word_1_29' title='bbox 569 972 748 1036; x_wconf 82' lang='lat' dir='ltr'><strong>tam‘?</strong></span> <span class='ocrx_word' id='word_1_30' title='bbox 825 976 1020 1035; x_wconf 81' lang='lat' dir='ltr'><strong>Tertio</strong></span> <span class='ocrx_word' id='word_1_31' title='bbox 1055 992 1091 1036; x_wconf 90' lang='lat' dir='ltr'><strong>e</strong></span> <span class='ocrx_word' id='word_1_32' title='bbox 1124 971 1307 1037; x_wconf 81' lang='lat' dir='ltr'><strong>Novo</strong></span> <span class='ocrx_word' id='word_1_33' title='bbox 1342 973 1762 1040; x_wconf 88' lang='lat' dir='ltr'><strong>Testamento</strong></span> <span class='ocrx_word' id='word_1_34' title='bbox 1798 974 1941 1059; x_wconf 90' lang='lat' dir='ltr'><strong>ipso</strong></span> <span class='ocrx_word' id='word_1_35' title='bbox 1993 977 2297 1058; x_wconf 88' lang='lat' dir='ltr'><strong>apparet,</strong></span> <span class='ocrx_word' id='word_1_36' title='bbox 2344 971 2672 1057; x_wconf 88' lang='lat' dir='ltr'><strong>apostolos</strong></span> <span class='ocrx_word' id='word_1_37' title='bbox 2713 989 2894 1055; x_wconf 84' lang='lat' dir='ltr'><strong>prae·</strong></span> 
     </span>
     <span class='ocr_line' id='line_1_7' title="bbox 572 1088 2894 1178; baseline -0 -23"><span class='ocrx_word' id='word_1_38' title='bbox 572 1088 879 1156; x_wconf 84' lang='lat' dir='ltr'><strong>dicationi</strong></span> <span class='ocrx_word' id='word_1_39' title='bbox 938 1110 1097 1157; x_wconf 87' lang='lat' dir='ltr'><strong>snae</strong></span> <span class='ocrx_word' id='word_1_40' title='bbox 1156 1091 1317 1157; x_wconf 90' lang='lat' dir='ltr'><strong>orali</strong></span> <span class='ocrx_word' id='word_1_41' title='bbox 1373 1113 1502 1158; x_wconf 88' lang='lat' dir='ltr'><strong>non</strong></span> <span class='ocrx_word' id='word_1_42' title='bbox 1558 1093 1769 1177; x_wconf 83' lang='lat' dir='ltr'><strong>magis</strong></span> <span class='ocrx_word' id='word_1_43' title='bbox 1826 1111 2018 1176; x_wconf 90' lang='lat' dir='ltr'><strong>quam</strong></span> <span class='ocrx_word' id='word_1_44' title='bbox 2074 1091 2370 1178; x_wconf 89' lang='lat' dir='ltr'><strong>epistolis</strong></span> <span class='ocrx_word' id='word_1_45' title='bbox 2426 1092 2559 1157; x_wconf 87' lang='lat' dir='ltr'><strong>suis</strong></span> <span class='ocrx_word' id='word_1_46' title='bbox 2607 1090 2894 1156; x_wconf 85' lang='lat' dir='ltr'><strong>divinam</strong></span> 
     </span>
     <span class='ocr_line' id='line_1_8' title="bbox 575 1207 2896 1298; baseline -0.001 -22"><span class='ocrx_word' id='word_1_47' title='bbox 575 1210 1015 1277; x_wconf 89' lang='lat' dir='ltr'><strong>auctoritatem</strong></span> <span class='ocrx_word' id='word_1_48' title='bbox 1069 1208 1469 1294; x_wconf 84' lang='lat' dir='ltr'><strong>vindicasse,</strong></span> <span class='ocrx_word' id='word_1_49' title='bbox 1531 1212 1928 1279; x_wconf 79' lang='lat' dir='ltr'><strong>assentiente</strong></span> <span class='ocrx_word' id='word_1_50' title='bbox 1988 1211 2351 1298; x_wconf 88' lang='lat' dir='ltr'><strong>apostolica</strong></span> <span class='ocrx_word' id='word_1_51' title='bbox 2404 1210 2684 1277; x_wconf 87' lang='lat' dir='ltr'><strong>ecclesia</strong></span> <span class='ocrx_word' id='word_1_52' title='bbox 2745 1207 2896 1293; x_wconf 84' lang='lat' dir='ltr'><strong>(cfr.</strong></span> 
     </span>
     <span class='ocr_line' id='line_1_9' title="bbox 574 1328 2897 1417; baseline -0.001 -22"><span class='ocrx_word' id='word_1_53' title='bbox 574 1331 607 1395; x_wconf 96' lang='lat' dir='ltr'>I</span> <span class='ocrx_word' id='word_1_54' title='bbox 642 1328 873 1397; x_wconf 88' lang='lat' dir='ltr'><strong>Thess.</strong></span> <span class='ocrx_word' id='word_1_55' title='bbox 917 1330 1009 1414; x_wconf 83' lang='grc' dir='ltr'><strong>Π,</strong></span> <span class='ocrx_word' id='word_1_56' title='bbox 1048 1333 1142 1394; x_wconf 88' lang='grc'><strong>13.</strong></span> <span class='ocrx_word' id='word_1_57' title='bbox 1214 1330 1358 1397; x_wconf 85' lang='lat' dir='ltr'><strong>Gal.</strong></span> <span class='ocrx_word' id='word_1_58' title='bbox 1390 1333 1545 1416; x_wconf 86' lang='lat'><strong>1,9;</strong></span> <span class='ocrx_word' id='word_1_59' title='bbox 1597 1334 1660 1398; x_wconf 94' lang='grc' dir='ltr'><strong>ΙΙ</strong></span> <span class='ocrx_word' id='word_1_60' title='bbox 1701 1333 1847 1399; x_wconf 84' lang='lat' dir='ltr'><strong>Cor.</strong></span> <span class='ocrx_word' id='word_1_61' title='bbox 1880 1332 1955 1417; x_wconf 92' lang='lat' dir='ltr'><strong>V,</strong></span> <span class='ocrx_word' id='word_1_62' title='bbox 1994 1336 2068 1395; x_wconf 79' lang='lat'><strong>15</strong></span> <span class='ocrx_word' id='word_1_63' title='bbox 2108 1351 2248 1415; x_wconf 90' lang='lat' dir='ltr'><strong>sqq.</strong></span> <span class='ocrx_word' id='word_1_64' title='bbox 2336 1331 2366 1394; x_wconf 96' lang='lat' dir='ltr'>I</span> <span class='ocrx_word' id='word_1_65' title='bbox 2415 1328 2647 1395; x_wconf 82' lang='lat' dir='ltr'><strong>Thess.</strong></span> <span class='ocrx_word' id='word_1_66' title='bbox 2677 1329 2753 1411; x_wconf 91' lang='lat' dir='ltr'><strong>V,</strong></span> <span class='ocrx_word' id='word_1_67' title='bbox 2796 1331 2897 1392; x_wconf 85' lang='lat'><strong>27.</strong></span> 
     </span>
     <span class='ocr_line' id='line_1_10' title="bbox 573 1447 2895 1536; baseline -0.001 -22"><span class='ocrx_word' id='word_1_68' title='bbox 573 1450 635 1514; x_wconf 93' lang='lat'><strong>11</strong></span> <span class='ocrx_word' id='word_1_69' title='bbox 665 1449 897 1516; x_wconf 88' lang='lat' dir='ltr'><strong>Thess.</strong></span> <span class='ocrx_word' id='word_1_70' title='bbox 929 1449 1012 1531; x_wconf 86' lang='grc' dir='ltr'><strong>ΙΙ,</strong></span> <span class='ocrx_word' id='word_1_71' title='bbox 1046 1452 1102 1514; x_wconf 85' lang='grc'><strong>2.</strong></span> <span class='ocrx_word' id='word_1_72' title='bbox 1143 1451 1375 1535; x_wconf 81' lang='lat'><strong>15.111‚</strong></span> <span class='ocrx_word' id='word_1_73' title='bbox 1412 1449 1536 1536; x_wconf 86' lang='lat'><strong>13),</strong></span> <span class='ocrx_word' id='word_1_74' title='bbox 1584 1471 1828 1535; x_wconf 86' lang='lat' dir='ltr'><strong>easque</strong></span> <span class='ocrx_word' id='word_1_75' title='bbox 1877 1453 1960 1517; x_wconf 91' lang='lat' dir='ltr'><strong>ab</strong></span> <span class='ocrx_word' id='word_1_76' title='bbox 2004 1471 2134 1517; x_wconf 85' lang='lat' dir='ltr'><strong>una</strong></span> <span class='ocrx_word' id='word_1_77' title='bbox 2174 1449 2457 1516; x_wconf 90' lang='lat' dir='ltr'><strong>ecclesia</strong></span> <span class='ocrx_word' id='word_1_78' title='bbox 2493 1448 2579 1515; x_wconf 86' lang='lat' dir='ltr'><strong>ad</strong></span> <span class='ocrx_word' id='word_1_79' title='bbox 2626 1447 2895 1514; x_wconf 88' lang='lat' dir='ltr'><strong>alteram</strong></span> 
     </span>
     <span class='ocr_line' id='line_1_11' title="bbox 581 1567 2895 1656; baseline -0.001 -23"><span class='ocrx_word' id='word_1_80' title='bbox 581 1569 960 1653; x_wconf 81' lang='lat' dir='ltr'><strong>migravisse</strong></span> <span class='ocrx_word' id='word_1_81' title='bbox 1007 1568 1145 1651; x_wconf 82' lang='lat' dir='ltr'><strong>(cfr.</strong></span> <span class='ocrx_word' id='word_1_82' title='bbox 1177 1569 1311 1634; x_wconf 87' lang='lat' dir='ltr'><strong>Col.</strong></span> <span class='ocrx_word' id='word_1_83' title='bbox 1343 1570 1451 1653; x_wconf 94' lang='lat' dir='ltr'><strong>IV,</strong></span> <span class='ocrx_word' id='word_1_84' title='bbox 1488 1570 1615 1654; x_wconf 87' lang='grc'><strong>16).</strong></span> <span class='ocrx_word' id='word_1_85' title='bbox 1693 1570 2019 1656; x_wconf 81' lang='lat' dir='ltr'><strong>Epistulas</strong></span> <span class='ocrx_word' id='word_1_86' title='bbox 2052 1569 2359 1635; x_wconf 88' lang='lat' dir='ltr'><strong>Paulinas</strong></span> <span class='ocrx_word' id='word_1_87' title='bbox 2404 1567 2586 1634; x_wconf 82' lang='lat' dir='ltr'><strong>brevi</strong></span> <span class='ocrx_word' id='word_1_88' title='bbox 2614 1585 2895 1652; x_wconf 82' lang='lat' dir='ltr'><strong>magnae</strong></span> 
     </span>
     <span class='ocr_line' id='line_1_12' title="bbox 581 1687 2895 1775; baseline -0.002 -20"><span class='ocrx_word' id='word_1_89' title='bbox 581 1688 901 1756; x_wconf 88' lang='lat' dir='ltr'><strong>ecclesiae</strong></span> <span class='ocrx_word' id='word_1_90' title='bbox 958 1688 1130 1773; x_wconf 89' lang='lat' dir='ltr'><strong>parti</strong></span> <span class='ocrx_word' id='word_1_91' title='bbox 1191 1688 1544 1756; x_wconf 88' lang='lat' dir='ltr'><strong>innotuisse</strong></span> <span class='ocrx_word' id='word_1_92' title='bbox 1598 1690 1945 1757; x_wconf 86' lang='lat' dir='ltr'><strong>ostendunt</strong></span> <span class='ocrx_word' id='word_1_93' title='bbox 1995 1689 2274 1775; x_wconf 88' lang='lat' dir='ltr'><strong>epistola</strong></span> <span class='ocrx_word' id='word_1_94' title='bbox 2316 1688 2545 1755; x_wconf 87' lang='lat' dir='ltr'><strong>Jacobi</strong></span> <span class='ocrx_word' id='word_1_95' title='bbox 2606 1692 2670 1752; x_wconf 89' lang='lat' dir='ltr'><strong>et</strong></span> <span class='ocrx_word' id='word_1_96' title='bbox 2720 1687 2895 1771; x_wconf 89' lang='lat' dir='ltr'><strong>prior</strong></span> 
     </span>
     <span class='ocr_line' id='line_1_13' title="bbox 581 1799 2892 1895; baseline -0.002 -21"><span class='ocrx_word' id='word_1_97' title='bbox 581 1808 782 1894; x_wconf 89' lang='lat' dir='ltr'><strong>Petri,</strong></span> <span class='ocrx_word' id='word_1_98' title='bbox 843 1827 1009 1891; x_wconf 90' lang='lat' dir='ltr'><strong>quae</strong></span> <span class='ocrx_word' id='word_1_99' title='bbox 1068 1806 1155 1873; x_wconf 84' lang='lat' dir='ltr'><strong>ad</strong></span> <span class='ocrx_word' id='word_1_100' title='bbox 1202 1809 1345 1874; x_wconf 88' lang='lat' dir='ltr'><strong>illas</strong></span> <span class='ocrx_word' id='word_1_101' title='bbox 1392 1808 1736 1876; x_wconf 84' lang='lat' dir='ltr'><strong>manifeste</strong></span> <span class='ocrx_word' id='word_1_102' title='bbox 1780 1799 2182 1895; x_wconf 84' lang='lat' dir='ltr'><strong>respiciunt.¹</strong></span> <span class='ocrx_word' id='word_1_103' title='bbox 2285 1807 2718 1889; x_wconf 81' lang='lat' dir='ltr'><strong>Quamobrem</strong></span> <span class='ocrx_word' id='word_1_104' title='bbox 2762 1826 2892 1871; x_wconf 91' lang='lat' dir='ltr'><strong>non</strong></span> 
     </span>
     <span class='ocr_line' id='line_1_14' title="bbox 579 1926 2895 2012; baseline -0.003 -17"><span class='ocrx_word' id='word_1_105' title='bbox 579 1926 800 2011; x_wconf 79' lang='lat' dir='ltr'><strong>video,</strong></span> <span class='ocrx_word' id='word_1_106' title='bbox 864 1948 994 2012; x_wconf 90' lang='lat' dir='ltr'><strong>qua</strong></span> <span class='ocrx_word' id='word_1_107' title='bbox 1050 1926 1134 1992; x_wconf 87' lang='lat' dir='ltr'><strong>de</strong></span> <span class='ocrx_word' id='word_1_108' title='bbox 1192 1948 1388 1994; x_wconf 87' lang='lat' dir='ltr'><strong>causa</strong></span> <span class='ocrx_word' id='word_1_109' title='bbox 1449 1929 1626 1994; x_wconf 89' lang='lat' dir='ltr'><strong>locus</strong></span> <span class='ocrx_word' id='word_1_110' title='bbox 1681 1930 1791 1995; x_wconf 87' lang='lat' dir='ltr'><strong>ille</strong></span> <span class='ocrx_word' id='word_1_111' title='bbox 1852 1929 2312 1997; x_wconf 83' lang='lat' dir='ltr'><strong>vexatissimus</strong></span> <span class='ocrx_word' id='word_1_112' title='bbox 2364 1930 2426 1994; x_wconf 93' lang='lat'><strong>11</strong></span> <span class='ocrx_word' id='word_1_113' title='bbox 2457 1933 2615 1992; x_wconf 84' lang='lat' dir='ltr'><strong>Petr.</strong></span> <span class='ocrx_word' id='word_1_114' title='bbox 2648 1927 2759 2010; x_wconf 92' lang='lat' dir='ltr'><strong>III,</strong></span> <span class='ocrx_word' id='word_1_115' title='bbox 2802 1929 2895 2010; x_wconf 87' lang='lat'><strong>16,</strong></span> 
     </span>
     <span class='ocr_line' id='line_1_15' title="bbox 548 2045 2893 2133; baseline 0.002 -26"><span class='ocrx_word' id='word_1_116' title='bbox 548 2069 706 2133; x_wconf 77' lang='lat' dir='ltr'><strong>‚quo</strong></span> <span class='ocrx_word' id='word_1_117' title='bbox 772 2047 1091 2132; x_wconf 89' lang='lat' dir='ltr'><strong>epistolae</strong></span> <span class='ocrx_word' id='word_1_118' title='bbox 1155 2047 1472 2114; x_wconf 78' lang='lat' dir='ltr'><strong>Paulinae</strong></span> <span class='ocrx_word' id='word_1_119' title='bbox 1535 2048 1716 2114; x_wconf 88' lang='lat' dir='ltr'><strong>libris</strong></span> <span class='ocrx_word' id='word_1_120' title='bbox 1772 2050 2023 2115; x_wconf 84' lang='lat' dir='ltr'><strong>Veteris</strong></span> <span class='ocrx_word' id='word_1_121' title='bbox 2082 2048 2486 2116; x_wconf 79' lang='lat' dir='ltr'><strong>Testamenti</strong></span> <span class='ocrx_word' id='word_1_122' title='bbox 2551 2045 2893 2112; x_wconf 82' lang='lat' dir='ltr'><strong>manifeste</strong></span> 
     </span>
     <span class='ocr_line' id='line_1_16' title="bbox 583 2166 2897 2254; baseline -0.003 -18"><span class='ocrx_word' id='word_1_123' title='bbox 583 2167 1144 2253; x_wconf 81' lang='lat' dir='ltr'><strong>aequiparantur²‚</strong></span> <span class='ocrx_word' id='word_1_124' title='bbox 1199 2174 1423 2233; x_wconf 87' lang='lat' dir='ltr'><strong>contra</strong></span> <span class='ocrx_word' id='word_1_125' title='bbox 1477 2168 1878 2236; x_wconf 88' lang='lat' dir='ltr'><strong>authentiam</strong></span> <span class='ocrx_word' id='word_1_126' title='bbox 1925 2170 2189 2235; x_wconf 88' lang='lat' dir='ltr'><strong>alterius</strong></span> <span class='ocrx_word' id='word_1_127' title='bbox 2236 2168 2551 2254; x_wconf 87' lang='lat' dir='ltr'><strong>epistolae</strong></span> <span class='ocrx_word' id='word_1_128' title='bbox 2597 2166 2897 2231; x_wconf 87' lang='lat' dir='ltr'><strong>Petrinae</strong></span> 
     </span>
     <span class='ocr_line' id='line_1_17' title="bbox 580 2285 2896 2374; baseline -0.001 -22"><span class='ocrx_word' id='word_1_129' title='bbox 580 2288 794 2370; x_wconf 86' lang='lat' dir='ltr'><strong>urgeri</strong></span> <span class='ocrx_word' id='word_1_130' title='bbox 838 2287 1078 2372; x_wconf 89' lang='lat' dir='ltr'><strong>possit;</strong></span> <span class='ocrx_word' id='word_1_131' title='bbox 1123 2307 1276 2352; x_wconf 90' lang='lat' dir='ltr'><strong>nam</strong></span> <span class='ocrx_word' id='word_1_132' title='bbox 1321 2308 1452 2352; x_wconf 90' lang='lat' dir='ltr'><strong>non</strong></span> <span class='ocrx_word' id='word_1_133' title='bbox 1493 2289 1700 2354; x_wconf 89' lang='lat' dir='ltr'><strong>solum</strong></span> <span class='ocrx_word' id='word_1_134' title='bbox 1730 2288 1971 2354; x_wconf 89' lang='lat' dir='ltr'><strong>Paulus</strong></span> <span class='ocrx_word' id='word_1_135' title='bbox 2019 2287 2212 2374; x_wconf 84' lang='lat' dir='ltr'><strong>(Eph.</strong></span> <span class='ocrx_word' id='word_1_136' title='bbox 2243 2289 2322 2373; x_wconf 85' lang='grc' dir='ltr'><strong>Π,</strong></span> <span class='ocrx_word' id='word_1_137' title='bbox 2351 2286 2487 2372; x_wconf 82' lang='grc'>20),</span> <span class='ocrx_word' id='word_1_138' title='bbox 2535 2285 2654 2354; x_wconf 86' lang='lat' dir='ltr'><strong>sed</strong></span> <span class='ocrx_word' id='word_1_139' title='bbox 2699 2286 2896 2352; x_wconf 90' lang='lat' dir='ltr'><strong>etiam</strong></span> 
     </span>
     <span class='ocr_line' id='line_1_18' title="bbox 580 2404 2898 2493; baseline -0.001 -21"><span class='ocrx_word' id='word_1_140' title='bbox 580 2409 808 2473; x_wconf 88' lang='lat' dir='ltr'><strong>Petrus</strong></span> <span class='ocrx_word' id='word_1_141' title='bbox 858 2405 917 2492; x_wconf 95' lang='lat' dir='ltr'><strong>(I</strong></span> <span class='ocrx_word' id='word_1_142' title='bbox 948 2408 1118 2472; x_wconf 87' lang='lat' dir='ltr'><strong>Petr.</strong></span> <span class='ocrx_word' id='word_1_143' title='bbox 1149 2406 1198 2488; x_wconf 85' lang='grc' dir='ltr'><strong>Ι,</strong></span> <span class='ocrx_word' id='word_1_144' title='bbox 1240 2404 1344 2491; x_wconf 85' lang='grc'><strong>12)</strong></span> <span class='ocrx_word' id='word_1_145' title='bbox 1392 2409 1656 2473; x_wconf 88' lang='lat' dir='ltr'><strong>verbum</strong></span> <span class='ocrx_word' id='word_1_146' title='bbox 1704 2407 2126 2493; x_wconf 89' lang='lat' dir='ltr'><strong>apostolicum</strong></span> <span class='ocrx_word' id='word_1_147' title='bbox 2174 2407 2403 2474; x_wconf 86' lang='lat' dir='ltr'><strong>eodem</strong></span> <span class='ocrx_word' id='word_1_148' title='bbox 2446 2406 2590 2472; x_wconf 93' lang='lat' dir='ltr'><strong>loco</strong></span> <span class='ocrx_word' id='word_1_149' title='bbox 2637 2425 2715 2471; x_wconf 91' lang='lat' dir='ltr'><strong>ac</strong></span> <span class='ocrx_word' id='word_1_150' title='bbox 2753 2425 2898 2490; x_wconf 84' lang='lat' dir='ltr'><strong>pro·</strong></span> 
     </span>
     <span class='ocr_line' id='line_1_19' title="bbox 579 2521 2897 2613; baseline -0.002 -21"><span class='ocrx_word' id='word_1_151' title='bbox 579 2525 904 2613; x_wconf 86' lang='lat' dir='ltr'><strong>pheticnm</strong></span> <span class='ocrx_word' id='word_1_152' title='bbox 943 2526 1158 2593; x_wconf 91' lang='lat' dir='ltr'><strong>habet.</strong></span> <span class='ocrx_word' id='word_1_153' title='bbox 1238 2526 1552 2593; x_wconf 84' lang='lat' dir='ltr'><strong>Dictitant</strong></span> <span class='ocrx_word' id='word_1_154' title='bbox 1581 2525 1840 2611; x_wconf 88' lang='lat' dir='ltr'><strong>quidem</strong></span> <span class='ocrx_word' id='word_1_155' title='bbox 1875 2527 2093 2613; x_wconf 89' lang='lat' dir='ltr'><strong>critici,</strong></span> <span class='ocrx_word' id='word_1_156' title='bbox 2124 2527 2466 2594; x_wconf 87' lang='lat' dir='ltr'><strong>ecclesiam</strong></span> <span class='ocrx_word' id='word_1_157' title='bbox 2496 2521 2897 2612; x_wconf 83' lang='lat' dir='ltr'><strong>primaevam</strong></span> 
     </span>
     <span class='ocr_line' id='line_1_20' title="bbox 581 2645 2898 2730; baseline -0.001 -19"><span class='ocrx_word' id='word_1_158' title='bbox 581 2668 712 2714; x_wconf 89' lang='lat' dir='ltr'><strong>non</strong></span> <span class='ocrx_word' id='word_1_159' title='bbox 776 2667 1004 2713; x_wconf 86' lang='lat' dir='ltr'><strong>ausam</strong></span> <span class='ocrx_word' id='word_1_160' title='bbox 1068 2665 1217 2712; x_wconf 89' lang='lat' dir='ltr'><strong>esse</strong></span> <span class='ocrx_word' id='word_1_161' title='bbox 1283 2648 1715 2713; x_wconf 87' lang='lat' dir='ltr'><strong>sacrosanctis</strong></span> <span class='ocrx_word' id='word_1_162' title='bbox 1782 2648 2034 2716; x_wconf 89' lang='lat' dir='ltr'><strong>Veteris</strong></span> <span class='ocrx_word' id='word_1_163' title='bbox 2103 2645 2507 2713; x_wconf 89' lang='lat' dir='ltr'><strong>Testamenti</strong></span> <span class='ocrx_word' id='word_1_164' title='bbox 2567 2645 2898 2730; x_wconf 88' lang='lat' dir='ltr'><strong>scripturis</strong></span> 
     </span>
     <span class='ocr_line' id='line_1_21' title="bbox 580 2765 2901 2851; baseline 0 -22"><span class='ocrx_word' id='word_1_165' title='bbox 580 2766 778 2832; x_wconf 91' lang='lat' dir='ltr'><strong>libros</strong></span> <span class='ocrx_word' id='word_1_166' title='bbox 833 2766 1004 2831; x_wconf 88' lang='lat' dir='ltr'><strong>Novi</strong></span> <span class='ocrx_word' id='word_1_167' title='bbox 1055 2767 1454 2832; x_wconf 89' lang='lat' dir='ltr'><strong>Testamenti</strong></span> <span class='ocrx_word' id='word_1_168' title='bbox 1511 2772 1843 2851; x_wconf 90' lang='lat' dir='ltr'><strong>tamquam</strong></span> <span class='ocrx_word' id='word_1_169' title='bbox 1897 2787 2105 2850; x_wconf 90' lang='lat' dir='ltr'><strong>aeque</strong></span> <span class='ocrx_word' id='word_1_170' title='bbox 2158 2765 2408 2834; x_wconf 84' lang='lat' dir='ltr'><strong>divinos</strong></span> <span class='ocrx_word' id='word_1_171' title='bbox 2454 2765 2901 2850; x_wconf 86' lang='lat' dir='ltr'><strong>aequiparare.</strong></span> 
     </span>
     <span class='ocr_line' id='line_1_22' title="bbox 581 2885 2897 2972; baseline 0 -22"><span class='ocrx_word' id='word_1_172' title='bbox 581 2885 666 2950; x_wconf 91' lang='lat' dir='ltr'><strong>At</strong></span> <span class='ocrx_word' id='word_1_173' title='bbox 714 2885 882 2950; x_wconf 87' lang='lat' dir='ltr'><strong>falso</strong></span> <span class='ocrx_word' id='word_1_174' title='bbox 937 2905 1050 2952; x_wconf 88' lang='lat' dir='ltr'><strong>eos</strong></span> <span class='ocrx_word' id='word_1_175' title='bbox 1096 2885 1395 2970; x_wconf 87' lang='lat' dir='ltr'><strong>judicare</strong></span> <span class='ocrx_word' id='word_1_176' title='bbox 1441 2906 1477 2953; x_wconf 90' lang='lat' dir='ltr'><strong>e</strong></span> <span class='ocrx_word' id='word_1_177' title='bbox 1524 2887 1778 2971; x_wconf 88' lang='lat' dir='ltr'><strong>scriptis</strong></span> <span class='ocrx_word' id='word_1_178' title='bbox 1822 2892 2077 2972; x_wconf 88' lang='lat' dir='ltr'><strong>patrum</strong></span> <span class='ocrx_word' id='word_1_179' title='bbox 2117 2887 2261 2970; x_wconf 90' lang='lat' dir='ltr'><strong>jam</strong></span> <span class='ocrx_word' id='word_1_180' title='bbox 2320 2886 2897 2972; x_wconf 76' lang='lat' dir='ltr'><strong>comprobabimus.</strong></span> 
     </span>
     <span class='ocr_line' id='line_1_23' title="bbox 582 3005 2901 3092; baseline -0 -22"><span class='ocrx_word' id='word_1_181' title='bbox 582 3005 867 3072; x_wconf 88' lang='lat' dir='ltr'><strong>Ulterius</strong></span> <span class='ocrx_word' id='word_1_182' title='bbox 902 3005 1097 3089; x_wconf 84' lang='lat' dir='ltr'><strong>igitur</strong></span> <span class='ocrx_word' id='word_1_183' title='bbox 1125 3006 1191 3070; x_wconf 90' lang='lat' dir='ltr'><strong>in</strong></span> <span class='ocrx_word' id='word_1_184' title='bbox 1222 3005 1347 3072; x_wconf 89' lang='lat' dir='ltr'><strong>hac</strong></span> <span class='ocrx_word' id='word_1_185' title='bbox 1383 3027 1453 3072; x_wconf 89' lang='lat' dir='ltr'><strong>re</strong></span> <span class='ocrx_word' id='word_1_186' title='bbox 1488 3005 1949 3090; x_wconf 85' lang='lat' dir='ltr'><strong>investiganda</strong></span> <span class='ocrx_word' id='word_1_187' title='bbox 1980 3005 2472 3092; x_wconf 85' lang='lat' dir='ltr'><strong>progredientes</strong></span> <span class='ocrx_word' id='word_1_188' title='bbox 2507 3007 2901 3089; x_wconf 86' lang='lat' dir='ltr'><strong>quaerimus:</strong></span> 
     </span>
    </p>
   </div>
   <div class='ocr_carea' id='block_1_4' title="bbox 582 3216 2901 3421">
    <p class='ocr_par' dir='ltr' id='par_1_4' title="bbox 582 3216 2901 3421">
     <span class='ocr_line' id='line_1_24' title="bbox 582 3216 2901 3301; baseline 0 -14"><span class='ocrx_word' id='word_1_189' title='bbox 582 3219 650 3287; x_wconf 93' lang='lat'><strong>1.</strong></span> <span class='ocrx_word' id='word_1_190' title='bbox 708 3219 1012 3288; x_wconf 87' lang='lat' dir='ltr'><strong>Utrum</strong></span> <span class='ocrx_word' id='word_1_191' title='bbox 1056 3222 1331 3300; x_wconf 85' lang='lat' dir='ltr'><strong>patres</strong></span> <span class='ocrx_word' id='word_1_192' title='bbox 1376 3219 1805 3301; x_wconf 89' lang='lat' dir='ltr'><strong>apostolici</strong></span> <span class='ocrx_word' id='word_1_193' title='bbox 1856 3218 2096 3288; x_wconf 87' lang='lat' dir='ltr'><strong>libris</strong></span> <span class='ocrx_word' id='word_1_194' title='bbox 2147 3219 2362 3289; x_wconf 83' lang='lat' dir='ltr'><strong>Novi</strong></span> <span class='ocrx_word' id='word_1_195' title='bbox 2404 3216 2901 3290; x_wconf 79' lang='lat' dir='ltr'><strong>Testamenti</strong></span> 
     </span>
     <span class='ocr_line' id='line_1_25' title="bbox 1167 3335 2312 3421; baseline -0.002 -14"><span class='ocrx_word' id='word_1_196' title='bbox 1167 3335 1789 3421; x_wconf 87' lang='lat' dir='ltr'><strong>inspirationem</strong></span> <span class='ocrx_word' id='word_1_197' title='bbox 1845 3339 2312 3408; x_wconf 85' lang='lat' dir='ltr'><strong>tribuerint.</strong></span> 
     </span>
    </p>
   </div>
   <div class='ocr_carea' id='block_1_5' title="bbox 585 3483 2906 3688">
    <p class='ocr_par' dir='ltr' id='par_1_5' title="bbox 585 3483 2906 3688">
     <span class='ocr_line' id='line_1_26' title="bbox 761 3483 2896 3570; baseline -0.004 -17"><span class='ocrx_word' id='word_1_198' title='bbox 761 3487 1038 3553; x_wconf 76' lang='lat' dir='ltr'><strong>clemens</strong></span> <span class='ocrx_word' id='word_1_199' title='bbox 1100 3488 1402 3553; x_wconf 82' lang='lat' dir='ltr'><strong>Romanus</strong></span> <span class='ocrx_word' id='word_1_200' title='bbox 1461 3485 1527 3550; x_wconf 89' lang='lat' dir='ltr'><strong>in</strong></span> <span class='ocrx_word' id='word_1_201' title='bbox 1579 3484 1783 3570; x_wconf 91' lang='lat' dir='ltr'><strong>priori</strong></span> <span class='ocrx_word' id='word_1_202' title='bbox 1839 3483 2117 3569; x_wconf 91' lang='lat' dir='ltr'><strong>epistola</strong></span> <span class='ocrx_word' id='word_1_203' title='bbox 2178 3490 2289 3550; x_wconf 88' lang='lat' dir='ltr'><strong>aut</strong></span> <span class='ocrx_word' id='word_1_204' title='bbox 2342 3486 2531 3550; x_wconf 91' lang='lat' dir='ltr'><strong>annis</strong></span> <span class='ocrx_word' id='word_1_205' title='bbox 2586 3486 2896 3547; x_wconf 74' lang='grc'><strong>68---703</strong></span> 
     </span>
     <span class='ocr_line' id='line_1_27' title="bbox 585 3600 2906 3688; baseline -0.001 -19"><span class='ocrx_word' id='word_1_206' title='bbox 585 3609 697 3669; x_wconf 90' lang='lat' dir='ltr'><strong>aut</strong></span> <span class='ocrx_word' id='word_1_207' title='bbox 753 3604 940 3672; x_wconf 89' lang='lat' dir='ltr'><strong>annis</strong></span> <span class='ocrx_word' id='word_1_208' title='bbox 1001 3606 1290 3669; x_wconf 82' lang='lat'>94-96⁴</span> <span class='ocrx_word' id='word_1_209' title='bbox 1359 3604 1727 3688; x_wconf 88' lang='lat' dir='ltr'><strong>conscripta</strong></span> <span class='ocrx_word' id='word_1_210' title='bbox 1782 3602 2144 3670; x_wconf 83' lang='lat' dir='ltr'><strong>Corinthios</strong></span> <span class='ocrx_word' id='word_1_211' title='bbox 2196 3602 2282 3669; x_wconf 88' lang='lat' dir='ltr'><strong>ad</strong></span> <span class='ocrx_word' id='word_1_212' title='bbox 2336 3602 2745 3671; x_wconf 88' lang='lat' dir='ltr'><strong>concordiam</strong></span> <span class='ocrx_word' id='word_1_213' title='bbox 2796 3600 2906 3667; x_wconf 88' lang='lat' dir='ltr'><strong>ad-</strong></span> 
     </span>
    </p>
   </div>
   <div class='ocr_carea' id='block_1_6' title="bbox 586 3727 994 3734">
    <p class='ocr_par' dir='ltr' id='par_1_6' title="bbox 586 3727 994 3734">
     <span class='ocr_line' id='line_1_28' title="bbox 586 3727 994 3734; baseline 0 1342"><span class='ocrx_word' id='word_1_214' title='bbox 586 3727 994 3734; x_wconf 95' lang='lat' dir='ltr'><strong> </strong></span> 
     </span>
    </p>
   </div>
   <div class='ocr_carea' id='block_1_7' title="bbox 562 3773 2908 4444">
    <p class='ocr_par' dir='ltr' id='par_1_7' title="bbox 724 3773 1794 3844">
     <span class='ocr_line' id='line_1_29' title="bbox 724 3773 1794 3844; baseline 0 -16"><span class='ocrx_word' id='word_1_215' title='bbox 724 3776 744 3816; x_wconf 85' lang='lat'>1</span> <span class='ocrx_word' id='word_1_216' title='bbox 792 3773 899 3830; x_wconf 86' lang='lat' dir='ltr'><strong>Cfr.</strong></span> <span class='ocrx_word' id='word_1_217' title='bbox 938 3778 1279 3830; x_wconf 85' lang='lat' dir='ltr'><strong>Bleekium</strong></span> <span class='ocrx_word' id='word_1_218' title='bbox 1313 3775 1347 3830; x_wconf 91' lang='lat' dir='ltr'><strong>l.</strong></span> <span class='ocrx_word' id='word_1_219' title='bbox 1375 3791 1419 3830; x_wconf 79' lang='lat' dir='ltr'><strong>c,</strong></span> <span class='ocrx_word' id='word_1_220' title='bbox 1455 3792 1509 3844; x_wconf 88' lang='lat' dir='ltr'><strong>p.</strong></span> <span class='ocrx_word' id='word_1_221' title='bbox 1535 3776 1652 3828; x_wconf 83' lang='lat'><strong>548.</strong></span> <span class='ocrx_word' id='word_1_222' title='bbox 1680 3777 1794 3828; x_wconf 75' lang='lat'><strong>570.</strong></span> 
     </span>
    </p>

    <p class='ocr_par' dir='ltr' id='par_1_8' title="bbox 580 3859 2908 4186">
     <span class='ocr_line' id='line_1_30' title="bbox 719 3859 2906 3931; baseline 0.001 -17"><span class='ocrx_word' id='word_1_223' title='bbox 719 3861 745 3901; x_wconf 83' lang='lat'>2</span> <span class='ocrx_word' id='word_1_224' title='bbox 791 3859 899 3916; x_wconf 82' lang='lat' dir='ltr'><strong>cfr.</strong></span> <span class='ocrx_word' id='word_1_225' title='bbox 935 3863 1276 3916; x_wconf 82' lang='lat' dir='ltr'><strong>Bleekium</strong></span> <span class='ocrx_word' id='word_1_226' title='bbox 1331 3861 1365 3916; x_wconf 91' lang='lat' dir='ltr'><strong>l.</strong></span> <span class='ocrx_word' id='word_1_227' title='bbox 1406 3877 1449 3915; x_wconf 79' lang='lat' dir='ltr'><strong>c,</strong></span> <span class='ocrx_word' id='word_1_228' title='bbox 1514 3878 1565 3929; x_wconf 91' lang='lat' dir='ltr'><strong>p.</strong></span> <span class='ocrx_word' id='word_1_229' title='bbox 1605 3862 1722 3913; x_wconf 80' lang='lat'><strong>636.</strong></span> <span class='ocrx_word' id='word_1_230' title='bbox 1813 3861 2143 3926; x_wconf 63' lang='lat' dir='ltr'><strong>Romnum,</strong></span> <span class='ocrx_word' id='word_1_231' title='bbox 2199 3863 2310 3915; x_wconf 82' lang='lat' dir='ltr'><strong>Zur</strong></span> <span class='ocrx_word' id='word_1_232' title='bbox 2356 3862 2641 3931; x_wconf 73' lang='lat' dir='ltr'><strong>Doymatik</strong></span> <span class='ocrx_word' id='word_1_233' title='bbox 2692 3876 2745 3928; x_wconf 87' lang='lat' dir='ltr'><strong>p.</strong></span> <span class='ocrx_word' id='word_1_234' title='bbox 2784 3861 2906 3916; x_wconf 84' lang='lat'><strong>206.</strong></span> 
     </span>
     <span class='ocr_line' id='line_1_31' title="bbox 582 3941 2908 4018; baseline -0.002 -17"><span class='ocrx_word' id='word_1_235' title='bbox 582 3946 775 4001; x_wconf 87' lang='lat' dir='ltr'><strong>Utrum</strong></span> <span class='ocrx_word' id='word_1_236' title='bbox 822 3946 965 4000; x_wconf 88' lang='lat' dir='ltr'><strong>inter</strong></span> <span class='ocrx_word' id='word_1_237' title='bbox 1000 3947 1234 4014; x_wconf 86' lang='lat' dir='ltr'><strong>reliquas</strong></span> <span class='ocrx_word' id='word_1_238' title='bbox 1277 3946 1401 4000; x_wconf 87' lang='lat' dir='ltr'><strong>illas</strong></span> <span class='ocrx_word' id='word_1_239' title='bbox 1449 3946 1745 4014; x_wconf 88' lang='lat' dir='ltr'><strong>scripturas</strong></span> <span class='ocrx_word' id='word_1_240' title='bbox 1796 3942 1915 4010; x_wconf 79' lang='grc' dir='ltr'><strong>(τὰς</strong></span> <span class='ocrx_word' id='word_1_241' title='bbox 1961 3942 2161 4004; x_wconf 80' lang='grc' dir='ltr'><strong><em>λοιπὰς</em></strong></span> <span class='ocrx_word' id='word_1_242' title='bbox 2205 3941 2485 4018; x_wconf 74' lang='grc' dir='ltr'><strong>γραφάς),</strong></span> <span class='ocrx_word' id='word_1_243' title='bbox 2534 3960 2669 4014; x_wconf 87' lang='lat' dir='ltr'><strong>quas</strong></span> <span class='ocrx_word' id='word_1_244' title='bbox 2718 3950 2908 3999; x_wconf 83' lang='lat' dir='ltr'><strong>auctor</strong></span> 
     </span>
     <span class='ocr_line' id='line_1_32' title="bbox 580 4030 2904 4101; baseline -0.001 -17"><span class='ocrx_word' id='word_1_245' title='bbox 580 4031 742 4100; x_wconf 90' lang='lat' dir='ltr'><strong>hujus</strong></span> <span class='ocrx_word' id='word_1_246' title='bbox 780 4031 1043 4101; x_wconf 87' lang='lat' dir='ltr'><strong>epistolae</strong></span> <span class='ocrx_word' id='word_1_247' title='bbox 1080 4038 1475 4099; x_wconf 86' lang='lat' dir='ltr'><strong>commemorat,</strong></span> <span class='ocrx_word' id='word_1_248' title='bbox 1513 4031 1621 4085; x_wconf 83' lang='lat' dir='ltr'><strong>alia</strong></span> <span class='ocrx_word' id='word_1_249' title='bbox 1655 4046 1869 4099; x_wconf 88' lang='lat' dir='ltr'><strong>quoque</strong></span> <span class='ocrx_word' id='word_1_250' title='bbox 1905 4031 2108 4098; x_wconf 88' lang='lat' dir='ltr'><strong>scripta</strong></span> <span class='ocrx_word' id='word_1_251' title='bbox 2143 4030 2460 4099; x_wconf 87' lang='lat' dir='ltr'><strong>apostolica,</strong></span> <span class='ocrx_word' id='word_1_252' title='bbox 2498 4030 2647 4084; x_wconf 88' lang='lat' dir='ltr'><strong>velut</strong></span> <span class='ocrx_word' id='word_1_253' title='bbox 2672 4030 2904 4099; x_wconf 85' lang='lat' dir='ltr'><strong>epistola</strong></span> 
     </span>
     <span class='ocr_line' id='line_1_33' title="bbox 581 4117 1591 4186; baseline 0 -15"><span class='ocrx_word' id='word_1_254' title='bbox 581 4117 775 4172; x_wconf 85' lang='lat' dir='ltr'><strong>Jacobi</strong></span> <span class='ocrx_word' id='word_1_255' title='bbox 811 4117 1027 4185; x_wconf 89' lang='lat' dir='ltr'><strong>fuerint,</strong></span> <span class='ocrx_word' id='word_1_256' title='bbox 1069 4117 1354 4186; x_wconf 89' lang='lat' dir='ltr'><strong>dijudicari</strong></span> <span class='ocrx_word' id='word_1_257' title='bbox 1387 4117 1591 4185; x_wconf 89' lang='lat' dir='ltr'><strong>nequit.</strong></span> 
     </span>
    </p>

    <p class='ocr_par' dir='ltr' id='par_1_9' title="bbox 720 4200 2674 4273">
     <span class='ocr_line' id='line_1_34' title="bbox 720 4200 2674 4273; baseline -0.001 -16"><span class='ocrx_word' id='word_1_258' title='bbox 720 4204 745 4245; x_wconf 76' lang='grc'><strong>3</strong></span> <span class='ocrx_word' id='word_1_259' title='bbox 791 4201 899 4257; x_wconf 84' lang='lat' dir='ltr'><strong>Cfr.</strong></span> <span class='ocrx_word' id='word_1_260' title='bbox 942 4204 1296 4273; x_wconf 81' lang='lat' dir='ltr'><strong>Hefelium‚</strong></span> <span class='ocrx_word' id='word_1_261' title='bbox 1334 4204 1556 4257; x_wconf 89' lang='lat' dir='ltr'><strong>Patrum</strong></span> <span class='ocrx_word' id='word_1_262' title='bbox 1593 4200 2012 4270; x_wconf 87' lang='lat' dir='ltr'><strong>apostolicorum</strong></span> <span class='ocrx_word' id='word_1_263' title='bbox 2051 4216 2221 4270; x_wconf 91' lang='lat' dir='ltr'><strong>opera</strong></span> <span class='ocrx_word' id='word_1_264' title='bbox 2252 4219 2304 4270; x_wconf 93' lang='lat' dir='ltr'><strong>p.</strong></span> <span class='ocrx_word' id='word_1_265' title='bbox 2328 4201 2569 4254; x_wconf 89' lang='lat' dir='ltr'>XXXIII</span> <span class='ocrx_word' id='word_1_266' title='bbox 2594 4216 2674 4271; x_wconf 86' lang='lat' dir='ltr'><strong>sq.</strong></span> 
     </span>
    </p>

    <p class='ocr_par' dir='ltr' id='par_1_10' title="bbox 562 4286 2905 4444">
     <span class='ocr_line' id='line_1_35' title="bbox 718 4286 2905 4358; baseline -0.001 -16"><span class='ocrx_word' id='word_1_267' title='bbox 718 4290 742 4330; x_wconf 83' lang='lat'><strong>⁴</strong></span> <span class='ocrx_word' id='word_1_268' title='bbox 789 4287 896 4342; x_wconf 83' lang='lat' dir='ltr'><strong>Cfr.</strong></span> <span class='ocrx_word' id='word_1_269' title='bbox 934 4290 1360 4356; x_wconf 71' lang='lat' dir='ltr'><strong>Dressezium‚</strong></span> <span class='ocrx_word' id='word_1_270' title='bbox 1403 4289 1624 4343; x_wconf 88' lang='lat' dir='ltr'><strong>Patrum</strong></span> <span class='ocrx_word' id='word_1_271' title='bbox 1662 4286 2080 4355; x_wconf 82' lang='lat' dir='ltr'><strong>apostolicorum</strong></span> <span class='ocrx_word' id='word_1_272' title='bbox 2127 4302 2295 4355; x_wconf 90' lang='lat' dir='ltr'><strong>opera</strong></span> <span class='ocrx_word' id='word_1_273' title='bbox 2330 4304 2382 4356; x_wconf 90' lang='lat' dir='ltr'><strong>p.</strong></span> <span class='ocrx_word' id='word_1_274' title='bbox 2407 4286 2555 4343; x_wconf 91' lang='lat' dir='ltr'><strong>XIX.</strong></span> <span class='ocrx_word' id='word_1_275' title='bbox 2629 4289 2905 4358; x_wconf 72' lang='lat' dir='ltr'><strong>Hilqen·</strong></span> 
     </span>
     <span class='ocr_line' id='line_1_36' title="bbox 562 4374 1939 4444; baseline -0.003 -14"><span class='ocrx_word' id='word_1_276' title='bbox 562 4376 831 4444; x_wconf 78' lang='lat' dir='ltr'><strong>feldum</strong></span> <span class='ocrx_word' id='word_1_277' title='bbox 853 4414 866 4441; x_wconf 86' lang='lat'><strong>,</strong></span> <span class='ocrx_word' id='word_1_278' title='bbox 903 4376 1006 4429; x_wconf 80' lang='lat' dir='ltr'><strong>Die</strong></span> <span class='ocrx_word' id='word_1_279' title='bbox 1042 4376 1419 4443; x_wconf 73' lang='lat' dir='ltr'><strong>apostolischen</strong></span> <span class='ocrx_word' id='word_1_280' title='bbox 1466 4374 1619 4429; x_wconf 69' lang='lat' dir='ltr'><strong>Vener</strong></span> <span class='ocrx_word' id='word_1_281' title='bbox 1653 4390 1705 4442; x_wconf 88' lang='lat' dir='ltr'><strong>p.</strong></span> <span class='ocrx_word' id='word_1_282' title='bbox 1733 4374 1799 4427; x_wconf 83' lang='lat'><strong>83</strong></span> <span class='ocrx_word' id='word_1_283' title='bbox 1824 4388 1939 4441; x_wconf 89' lang='lat' dir='ltr'><strong>sqq.</strong></span> 
     </span>
    </p>
   </div>
  </div>
 </body>
</html>
