3264 5076
1580 438 1662 522 69

443 695 572 742 nae
613 672 925 741 ecclesiae
970 672 1254 758 fuerant,
1305 674 1546 760 scripta
1589 695 1807 741 eorum
1856 673 2199 758 collegisse
2236 673 2444 759 iisque
2489 674 2764 745 eandem

451 794 894 861 auctoritatem
974 813 1054 860 ae
1124 793 1457 878 seripturis
1522 793 1775 861 Veteris
1841 793 2242 861 Testamenti
2305 794 2756 865 vindicasse‘?¹

453 918 813 982 Provocant
882 912 1240 980 adversarii
1305 912 1392 978 ad
1449 915 1720 997 Papiam,
1791 934 1978 998 quem
2044 911 2455 980 traditionem
2519 920 2761 983 oralem

453 1035 811 1120 evangeliis
856 1034 1052 1116 longe
1083 1033 1469 1119 praetulisse
1515 1033 1720 1118 ipsius
1750 1034 1971 1118 verba,
2017 1053 2182 1116 quae
2229 1033 2404 1119 apud
2435 1039 2765 1102 Eusebium

455 1155 541 1241 (h.
575 1176 631 1222 e.
656 1156 765 1241 111,
796 1151 908 1239 39)
957 1157 1233 1236 exstant,
1280 1153 1619 1220 manifeste
1654 1152 2032 1219 ostendant:
2086 1146 2223 1219 Ούκ
2263 1147 2527 1241 ὀκνήσω
2559 1157 2635 1221 δέ
2661 1174 2763 1223 σοι

451 1277 562 1342 καὶ
591 1269 714 1342 ὅσα
741 1271 904 1340 ποτὲ
938 1269 1120 1357 παρὰ
1161 1274 1302 1337 τῶν
1330 1271 1794 1359 πρεσβυτέρων
1824 1275 2046 1349 καλῶς
2087 1271 2342 1358 ἔμαθον
2385 1277 2497 1341 καὶ
2540 1278 2764 1353 καλῶς

455 1390 914 1481 ἐμνημόνευσα,
942 1387 1420 1479 συγκατατάξαι
1440 1404 1581 1469 ταῖς
1605 1387 1981 1478 ἑρμηνείαις,
2011 1390 2577 1480 διαβεβαιούμενος
2599 1390 2765 1482 ὑπὲρ

458 1508 681 1580 αὐτῶν
748 1505 1095 1599 α’λήθειαν·
1160 1504 1242 1577 ου’
1300 1506 1424 1597 γὰρ
1494 1525 1635 1588 τοῖς
1698 1507 1781 1576 τὰ
1843 1508 2062 1577 πολλὰ
2135 1512 2437 1598 λέγουσιν
2504 1512 2768 1599 ἔχαιρον

464 1630 683 1720 ὥσπερ
715 1631 778 1700 οἱ
806 1634 1069 1710 πολλοὶ,
1116 1626 1285 1697 ἀλλὰ
1323 1645 1464 1708 τοϊς
1505 1626 1563 1698 τ’
1590 1625 1808 1717 ἀληθῆ
1838 1627 2271 1710 διδάσκουσιν,
2304 1626 2457 1698 ου’δὲ
2488 1648 2628 1712 τοῖς
2654 1630 2770 1717 τὰς

462 1750 808 1841 ἀλλοτρίας
828 1749 1099 1829 ἐντολὰς
1120 1746 1655 1836 μνημονεύουσιν,
1686 1743 1854 1815 ἄλλὰ
1886 1764 2024 1827 τοῖς
2052 1747 2169 1828 τὰς
2193 1749 2375 1837 παρὰ
2400 1756 2521 1819 τοῦ
2542 1756 2771 1839 κυρίου

464 1878 543 1959 τῇ
574 1876 786 1941 πίστει
829 1871 1181 1957 δεδομένας
1223 1871 1333 1936 καὶ
1366 1862 1478 1936 ἄπ’
1500 1862 1701 1957 αὐτῆς
1728 1871 2261 1956 παραγενομένας
2294 1874 2408 1958 τῆς
2439 1866 2769 1960 ἀληθείας.

470 1993 555 2060 Εἰ
599 1993 674 2059 δέ
711 2016 843 2060 που
903 1993 1015 2057 καὶ
1066 1986 1682 2077 παρηκολουθηκώς
1728 2014 1827 2067 τις
1869 2003 2009 2067 τοϊς
2058 1992 2519 2076 πρεσβυτέροις
2561 1990 2767 2071 ἔλθοι,

465 2109 618 2190 τοὺς
684 2114 826 2178 τῶν
888 2109 1351 2198 πρεσβυτέρων
1415 2103 1765 2194 α’νέκρινον
1809 2105 2072 2195 λόγους·
2133 2112 2198 2175 τί
2261 2103 2561 2198 Ἀνδρέας
2612 2105 2655 2198 ἢ
2710 2114 2776 2179 τί

468 2232 717 2317 Πέτρος
780 2226 960 2297 εἶπεν
1033 2225 1076 2315 ἢ
1131 2231 1196 2295 τί
1254 2231 1581 2304 Φίλιππος
1641 2222 1707 2318 ἢ
1736 2229 1801 2293 τί
1866 2231 2106 2314 Θωμᾶς
2159 2224 2201 2316 ἢ
2252 2223 2554 2312 Ἰάκωβος
2608 2225 2651 2317 ἢ
2709 2232 2775 2297 τί

460 2343 772 2451 ὶἸωάννης
799 2342 841 2435 ἢ
867 2353 1222 2426 Ματθαῑος
1264 2341 1307 2435 ἦ
1350 2371 1447 2423 τις
1474 2343 1693 2431 ἕτερος
1721 2350 1861 2413 τῶν
1888 2349 2008 2412 τοῦ
2039 2350 2268 2435 κυρίου
2291 2352 2634 2436 μαθητῶν·
2668 2344 2782 2416 ἅτε

472 2471 807 2556 Αριστίων
858 2470 969 2534 καὶ
1011 2460 1050 2558 ὁ
1093 2462 1525 2555 πρεσβύτερος
1566 2459 1883 2553 Ἰωάννης,
1929 2465 1993 2533 οἱ
2034 2470 2154 2533 τοῦ
2197 2470 2426 2554 κυρίου
2467 2471 2777 2557 μαθηταὶ,

473 2591 789 2677 λέγουσιν.
869 2582 974 2654 Ού
1000 2584 1143 2674 γὰρ
1183 2584 1274 2653 τὰ
1319 2586 1402 2653 ἐκ
1444 2589 1607 2653 τῶν
1644 2588 1976 2669 βιβλίων
2018 2577 2409 2654 τοσοῦτόν
2450 2613 2537 2674 με
2580 2583 2782 2673 ω’φε-

476 2714 645 2776 λετν
713 2702 1290 2793 ὑπελάμβανον,
1356 2699 1546 2773 ὅσον
1610 2702 1705 2772 τὰ
1764 2702 1969 2793 παρὰ
2024 2703 2275 2793 ζώσης
2332 2710 2597 2795 φωνῆς
2650 2711 2784 2775 καὶ

471 2825 881 2915 μενούσης.
990 2826 1123 2893 Sed
1187 2827 1455 2912 primum
1527 2826 1832 2892 incertum
1894 2834 2019 2911 est,
2099 2832 2305 2892 utrum
2368 2827 2545 2913 libri,
2622 2848 2781 2913 quos

478 2943 930 3014 commemorat
973 2946 1246 3032 Papias,
1293 2946 1638 3028 evangelia
1684 2946 1996 3011 canonica
2040 2966 2126 3011 an
2169 2946 2548 3034 apocrypha
2587 2949 2785 3032 sint²;

474 3066 708 3134 deinde
759 3066 1003 3152 Papias
1058 3064 1160 3129 his
1218 3064 1466 3147 verbis,
1522 3065 1907 3150 praesertim
1962 3065 2334 3151 postremis,
2389 3085 2460 3133 se
2518 3074 2787 3132 excusat

480 3194 668 3273 atque
712 3184 1030 3270 defendit,
1079 3183 1249 3269 quod
1293 3205 1516 3252 vocem
1562 3184 1927 3251 traditionis
1971 3184 2187 3251 vivam
2233 3186 2589 3269 evangeliis
2635 3187 2785 3253 scri-

478 3308 603 3393 ptis
636 3304 984 3392 praeferat‚
1028 3305 1201 3371 unde
1233 3306 1658 3390 cognoscitur,
1690 3326 1731 3373 a
1760 3305 2086 3390 plerisque
2127 3310 2278 3371 tunc
2316 3307 2622 3393 temporis
2653 3328 2788 3374 ma-

472 3427 677 3510 jorem
722 3424 1168 3491 auctoritatem
1217 3425 1574 3509 evangeliis
1635 3445 1825 3509 quam
1882 3423 2213 3491 traditioni
2257 3426 2560 3492 tributam
2609 3447 2791 3512 esse;

484 3551 806 3631 postremo
859 3544 1002 3630 ipse
1058 3544 1301 3629 Papias
1358 3564 1557 3629 aegre
1603 3565 1676 3612 se
1722 3545 1888 3611 ferre
1939 3543 2210 3630 indicat,
2265 3544 2437 3629 quod
2479 3545 2623 3630 jam
2678 3546 2793 3611 illa

490 3673 699 3733 aetate
750 3663 1010 3730 traditio
1057 3664 1250 3730 oralis
1294 3671 1537 3731 temere
1584 3664 1978 3750 amplificata
2023 3669 2088 3730 et
2131 3664 2491 3751 depravata
2537 3665 2639 3730 sit.
2712 3666 2797 3730 At

494 3785 781 3867 quamvis
841 3785 1186 3851 auctoritas
1251 3783 1615 3851 traditionis
1682 3783 1797 3849 illa
1858 3788 2074 3849 aetate
2131 3784 2409 3850 nondum
2462 3785 2595 3850 labi
2649 3804 2793 3852 coe-

488 3905 716 3991 pisset,
761 3904 913 3972 inde
945 3926 1076 3973 non
1107 3911 1498 3990 sequeretur,
1525 3903 1782 3989 seriptis
1810 3905 1976 3971 Novi
2009 3904 2412 3969 Testamenti
2445 3910 2792 3989 propterea

490 4026 927 4093 auctoritatem
968 4026 1253 4093 divinam
1300 4024 1698 4108 denegatam
1745 4042 1912 4089 esse.

625 4316 644 4356 ¹
693 4315 801 4370 Cfr.
847 4315 1430 4384 Tischendorfium
1464 4313 1501 4367 l.
1528 4328 1571 4367 c.
1610 4330 1663 4382 p.
1689 4317 1756 4366 99
1782 4326 1898 4380 sqq.

625 4401 651 4442 ²
695 4399 800 4455 Cfr.
849 4400 1436 4468 Tischendorfium
1471 4398 1506 4454 l.
1533 4414 1577 4453 c.
1613 4415 1666 4466 p.
1700 4401 1793 4452 109
1820 4413 1900 4465 sq.
