3264 5076
1553 405 1630 479 21

424 635 839 721 inspiratione
899 633 1286 700 sententiam
1342 653 1378 698 e
1426 634 1667 700 Vetere
1725 635 2144 699 Testamento
2192 633 2480 717 petiisse.
2572 633 2739 702 Gen·

426 755 598 820 tilem
655 753 738 820 de
792 753 1216 838 inspiratione
1263 752 1656 818 sententiam
1689 751 1928 817 fontem
1962 752 2103 835 ejus
2137 770 2285 817 esse
2328 754 2413 818 ab
2445 754 2737 820 omnibus

430 873 558 939 fere
597 870 983 939 conceditur.
1050 874 1222 937 Tota
1255 871 1641 954 antiquitate
1673 891 1895 936 omnes
1941 870 2492 937 extraordinariae
2541 871 2738 938 homi-

428 1013 573 1058 num
620 992 791 1058 vires
837 996 904 1058 et
945 988 1307 1074 facultates,
1354 990 1592 1056 eximia
1618 990 2068 1074 intelligentia,
2099 988 2336 1056 donum
2361 997 2639 1076 poeseos
2674 997 2739 1056 et

430 1117 651 1176 cantus
679 1116 746 1177 et
768 1108 1263 1193 vaticinationis,
1293 1107 1485 1175 ardor
1506 1110 1764 1194 amoris,
1791 1108 2065 1175 studium
2090 1109 2261 1194 belli,
2277 1110 2567 1175 sollertia
2593 1111 2744 1176 arti-

426 1231 611 1296 ficum
643 1232 726 1296 ab
758 1228 1133 1295 immediato
1158 1230 1444 1294 Deorum
1468 1229 1775 1294 instinctu
1806 1228 2280 1312 derivabantur,
2316 1230 2499 1295 sicuti
2530 1235 2739 1295 Cicero

429 1352 634 1417 Nemo
657 1351 772 1430 vir,
801 1350 1024 1435 inquit,
1051 1363 1323 1433 magnus
1353 1349 1492 1413 sine
1519 1347 1741 1413 afflatu
1762 1348 1978 1414 divino
1999 1367 2282 1432 unquam
2306 1348 2471 1414 fuit.1
2526 1350 2741 1415 Homi-

429 1490 543 1536 nes
582 1470 887 1537 divinitus
924 1469 1209 1535 instincti
1239 1473 1303 1533 et
1330 1467 1708 1532 inflammati
1741 1469 2274 1554 nuncupabantur
2293 1464 2739 1548 θεόπνευστοι,
2777 1464 2788 1469 ’

428 1586 767 1674 θεοφόροι,
785 1584 1207 1673 θεοφόρητοι,
1227 1582 1768 1671 θεοφορούμευοι,
1784 1584 2113 1673 θεήλατοι,
2133 1588 2568 1667 θεοδίδακτοι,
2592 1569 2760 1654 fleo-³

427 1710 706 1794 κίνητοι,
745 1709 1194 1793 θεοδέγμονες,
1235 1707 1680 1791 θεοδέκτορες,
1728 1703 2123 1792 θεοπρόποι,
2157 1702 2558 1792 θεομάντεις,
2594 1705 2741 1773 osd-

435 1851 689 1913 φρονες,
713 1823 1228 1913 θεοφράδμονες,
1259 1827 1673 1911 θεοφραδετς,
1703 1832 1893 1904 θεῖοι,
1922 1824 2162 1906 ἔνθεοι,
2195 1821 2481 1910 κάτοχοι,
2529 1824 2742 1914 ἐχόμε-

430 1969 548 2026 νοι,
579 1943 1017 2031 κατεχόμενοι,
1049 1941 1410 2030 κατόχιμοι,
1435 1944 1715 2025 ἐπίπνοι,
1739 1946 2170 2029 φοιβαστικοί,
2194 1944 2740 2029 ἐνθουσιαστικοί,

436 2064 912 2145 ἐνθουσιασταί,
950 2064 1405 2144 ἐνθουσιῶται,
1427 2057 2062 2148 ἄποδαιμονὶζοντες,
2095 2060 2576 2149 βακχευόμενοι,
2601 2091 2740 2152 μαι-

431 2180 718 2270 νόμενοι,
762 2185 978 2252 divino
1024 2184 1284 2249 numine
1334 2182 1561 2262 afflati,
1612 2157 1830 2249 divino
1885 2183 2110 2269 spiritu
2159 2184 2470 2268 instincti,
2533 2177 2757 2252 suren?

431 2311 558 2388 tes3
622 2310 828 2369 status
878 2325 1097 2371 eorum
1139 2303 1472 2369 dicebatur
1523 2298 1855 2389 θειασμός,
1898 2299 2391 2388 ἐνθουσιασμός,
2430 2309 2745 2370 θεοπνευ-

433 2424 593 2503 ozia,
623 2419 1043 2510 θεοφόρησις,
1069 2424 1415 2507 θεοφορὶα,
1440 2417 1789 2506 κατακωχὴ
1806 2420 2221 2513 (κατοκωχή),
2239 2420 2501 2509 κατοχή,
2523 2426 2742 2510 μανία,

433 2544 705 2629 afflatus,
751 2544 1110 2629 inspiratio,
1153 2543 1344 2626 furor,
1390 2542 1649 2607 insania
1679 2578 1761 2588 —
1803 2563 1969 2627 quae
1997 2544 2253 2628 quidem
2286 2563 2480 2610 voces
2510 2545 2744 2628 partim

434 2662 604 2749 apud
634 2663 977 2730 Philonem
1001 2683 1251 2747 quoque
1282 2663 1705 2729 inveniuntur.
1749 2663 2086 2729 Hominem
2119 2685 2249 2729 non
2272 2664 2448 2749 prius
2484 2684 2744 2730 carmen

434 2803 664 2849 canere
717 2783 823 2850 vel
869 2782 1209 2849 vaticinari
1259 2802 1457 2868 posse
1502 2788 1676 2847 Plato
1721 2782 1901 2868 dicit,
1958 2804 2150 2867 quam
2203 2803 2387 2849 mens
2444 2783 2580 2867 ejus
2635 2804 2744 2869 pe·

434 2902 602 2967 nitus
647 2901 990 2968 recesserit
1033 2903 1338 2985 Deusque
1381 2903 1448 2967 in
1494 2923 1639 2969 eum
1667 2903 2029 2988 intraverit3
2048 2903 2073 2942 ²
2126 2900 2273 2968 ideo
2310 2923 2464 2969 vero
2504 2923 2744 2969 numen

433 3022 638 3107 poetis
685 3028 749 3086 et
795 3021 1057 3087 oracula
1111 3020 1450 3088 edentibus
1498 3029 1563 3088 et
1609 3023 1858 3089 vatibus
1903 3027 2184 3088 mentem
2211 3023 2487 3109 auferre,
2545 3030 2613 3089 ut
2653 3023 2744 3088 in-

435 3141 602 3206 dicet
644 3161 774 3206 non
812 3140 1105 3207 homines
1137 3147 1350 3208 mente
1383 3143 1688 3227 abreptos
1722 3149 1856 3207 tam
1888 3142 2126 3208 eximia
2154 3143 2345 3227 loqui,
2386 3141 2504 3208 sed
2533 3145 2747 3208 Deum

435 3260 521 3324 uti
580 3261 709 3325 illis
766 3267 1096 3346 tamquam
1150 3261 1456 3327 ministris
1513 3269 1576 3326 et
1626 3262 2079 3328 instrumentis.
2104 3263 2129 3302 3
2230 3262 2498 3328 Nescire
2553 3263 2746 3346 igitur

576 3504 594 3541 1
644 3502 723 3554 De
758 3511 868 3555 παι.
897 3504 1034 3555 deor.
1059 3498 1128 3567 ΙΙ,
1157 3502 1238 3554 66.

568 3590 593 3627 2
642 3589 739 3640 Ion
772 3603 825 3655 p.
848 3590 948 3639 534
969 3601 1025 3639 a:
1061 3589 1277 3655 κοῦφον
1303 3580 1413 3656 γὰρ
1438 3587 1626 3658 χρῆμα
1662 3586 1888 3657 ποιητής
1924 3581 2040 3639 ἐστι
2076 3588 2170 3639 καὶ
2212 3580 2421 3655 πτηνὸν
2442 3587 2537 3638 καὶ
2564 3585 2742 3655 ἱερὸν,

437 3673 527 3723 καὶ
575 3670 638 3723 οὗ
684 3670 954 3744 πρότερον
989 3663 1101 3728 οἶός
1145 3690 1204 3723 τε
1239 3676 1440 3732 ποιεῖν,
1490 3673 1626 3742 πρὶν
1662 3669 1736 3724 ἂν
1771 3668 1968 3729 ἔνθεος
2010 3690 2070 3724 τε
2115 3671 2343 3741 γένηται
2388 3673 2482 3723 καὶ
2516 3670 2744 3742 ἔκφρων

436 3761 527 3809 καὶ
561 3755 588 3809 ὅ
624 3759 750 3812 νοῦς
784 3756 980 3828 μηκέτι
1018 3752 1082 3808 ἐν
1118 3753 1262 3829 αὐτῷ
1300 3751 1427 3830 ἐνῇ·
1467 3753 1568 3814 ἕως
1605 3754 1663 3809 δ’
1699 3755 1769 3810 ἄν
1803 3739 1947 3810 τουτὶ
1993 3753 2095 3830 ἔχῃ
2141 3753 2202 3809 τὸ
2234 3760 2433 3828 κτῆμα,
2473 3754 2744 3816 ἀδύνατος

438 3847 545 3900 πᾶς
589 3847 774 3895 ποιεῖν
820 3838 972 3895 ἐστιν
1019 3840 1319 3914 ἄνθρωπος
1374 3843 1469 3895 καὶ
1521 3842 1898 3916 χρησμῳδεῖν.
1991 3845 2123 3897 Tim.
2178 3859 2231 3910 p.
2270 3846 2334 3896 71
2367 3858 2421 3896 c:
2473 3839 2747 3916 μαντικὴν

440 3925 729 4000 ἀφροσύνῃ
765 3924 898 3984 θεὸς
937 3924 1271 4000 ἀνθρωπίνῃ
1311 3927 1582 3979 δέδωκεν·
1622 3925 1801 3986 οὐδεὶς
1838 3925 1949 3998 γὰρ
1986 3924 2176 3985 ἔννους
2213 3924 2521 3999 ἐφάπτεται
2554 3949 2747 4002 μαντι-

438 4015 534 4081 κῆς
571 4009 770 4066 ἐνθέου
802 4014 896 4065 καὶ
934 4011 1190 4082 ἀληθοῦς,
1229 4011 1343 4065 ἀλλ’
1380 4010 1413 4083 ἢ
1451 4010 1583 4065 καθ’
1622 4013 1801 4066 ὕπνον
1834 4012 1936 4083 τὴν
1971 4017 2065 4083 τῆς
2113 4010 2443 4084 φρονήσεως
2478 4016 2749 4085 πεδηθεὶς

437 4093 692 4170 δύναμιν,
732 4096 764 4168 ἢ
805 4093 899 4149 διὰ
935 4100 1105 4151 νόσον
1139 4098 1173 4168 ἤ
1207 4117 1333 4151 τινα
1370 4094 1787 4171 ἐνθουσιασμὸν
1823 4094 2192 4169 παραλλάξας.

571 4187 596 4223 3
645 4186 741 4238 Ion
775 4200 827 4252 p.
849 4186 953 4237 534
976 4200 1020 4239 c,
1042 4184 1104 4237 d:
1147 4180 1242 4237 διὰ
1278 4185 1448 4238 ταῦτα
1487 4181 1548 4236 δὲ
1588 4182 1615 4236 ὅ
1655 4180 1789 4243 θεὸς
1824 4180 2215 4258 ἐξαιρούμενος
2246 4180 2451 4239 τούτων
2486 4183 2583 4239 τὸν
2617 4190 2753 4239 νοῢν

437 4264 649 4326 τούτοις
674 4271 878 4340 χρῆται
914 4268 1213 4345 ὖπηρέταις
1238 4272 1332 4324 καὶ
1366 4275 1481 4328 τοῖς
1515 4270 1871 4343 χρησμῳδοῖς
1894 4270 1989 4322 καὶ
2024 4274 2138 4328 τοῖς
2158 4266 2393 4342 μάντεσι
2421 4276 2533 4328 τοῖς
2558 4273 2753 4335 θείοις,

434 4353 509 4407 ἵν’
558 4352 718 4428 ἡμεῖς
762 4354 816 4406 οἱ
860 4351 1150 4414 ἀκούοντες
1200 4355 1457 4429 εἰδῶμεν,
1509 4356 1589 4408 ὅτι
1636 4355 1739 4426 οὔχ
1785 4347 1932 4407 οἶτοί
1978 4353 2127 4408 εἰσιν
2176 4355 2230 4408 οἱ
2279 4358 2446 4409 ταῦτα
2494 4355 2753 4426 λέγοντες
