<?xml version="1.0" encoding="UTF-8"?>
<!DOCTYPE html PUBLIC "-//W3C//DTD XHTML 1.0 Transitional//EN"
    "http://www.w3.org/TR/xhtml1/DTD/xhtml1-transitional.dtd">
<html xmlns="http://www.w3.org/1999/xhtml" xml:lang="en" lang="en">
 <head>
  <title>
</title>
<meta http-equiv="Content-Type" content="text/html;charset=utf-8" />
  <meta name='ocr-system' content='tesseract 3.04.00' />
  <meta name='ocr-capabilities' content='ocr_page ocr_carea ocr_par ocr_line ocrx_word'/>
</head>
<body>
  <div class='ocr_page' id='page_1' title='image "./deinspirationes00deligoog_0064.png"; bbox 0 0 3264 5076; ppageno 0'>
   <div class='ocr_carea' id='block_1_1' title="bbox 1514 382 1822 484">
    <p class='ocr_par' dir='ltr' id='par_1_1' title="bbox 1514 382 1822 484">
     <span class='ocr_line' id='line_1_1' title="bbox 1514 382 1822 484; baseline 0 -1"><span class='ocrx_word' id='word_1_1' title='bbox 1514 382 1822 484; x_wconf 39' lang='grc' dir='ltr'><strong><em>ῥὲἓ,</em></strong></span> 
     </span>
    </p>
   </div>
   <div class='ocr_carea' id='block_1_2' title="bbox 482 611 2832 3692">
    <p class='ocr_par' dir='ltr' id='par_1_2' title="bbox 482 611 2832 3692">
     <span class='ocr_line' id='line_1_2' title="bbox 668 611 2824 695; baseline 0 -18"><span class='ocrx_word' id='word_1_2' title='bbox 668 611 899 677; x_wconf 80' lang='lat' dir='ltr'>Restat</span> <span class='ocrx_word' id='word_1_3' title='bbox 956 613 1028 674; x_wconf 88' lang='lat' dir='ltr'><strong><em>ut</em></strong></span> <span class='ocrx_word' id='word_1_4' title='bbox 1072 626 1488 695; x_wconf 78' lang='lat' dir='ltr'><strong>quaeramus,</strong></span> <span class='ocrx_word' id='word_1_5' title='bbox 1542 618 1746 675; x_wconf 82' lang='lat' dir='ltr'><strong><em>utrum</em></strong></span> <span class='ocrx_word' id='word_1_6' title='bbox 1803 619 2163 692; x_wconf 72' lang='lat' dir='ltr'><strong><em>apoloqetae</em></strong></span> <span class='ocrx_word' id='word_1_7' title='bbox 2207 616 2619 678; x_wconf 79' lang='lat' dir='ltr'><strong><em>mechanicam</em></strong></span> <span class='ocrx_word' id='word_1_8' title='bbox 2665 620 2824 678; x_wconf 86' lang='lat' dir='ltr'><strong><em>illam</em></strong></span> 
     </span>
     <span class='ocr_line' id='line_1_3' title="bbox 505 733 2824 813; baseline 0.001 -17"><span class='ocrx_word' id='word_1_9' title='bbox 505 741 562 796; x_wconf 87' lang='lat' dir='ltr'><strong><em>et</em></strong></span> <span class='ocrx_word' id='word_1_10' title='bbox 612 735 936 794; x_wconf 80' lang='lat' dir='ltr'><strong><em>manticam</em></strong></span> <span class='ocrx_word' id='word_1_11' title='bbox 996 733 1450 808; x_wconf 62' lang='lat' dir='ltr'><strong><em>inspirationem</em></strong></span> <span class='ocrx_word' id='word_1_12' title='bbox 1517 736 1604 795; x_wconf 82' lang='lat' dir='ltr'><strong><em>ad</em></strong></span> <span class='ocrx_word' id='word_1_13' title='bbox 1653 737 1887 811; x_wconf 87' lang='lat' dir='ltr'><strong><em>scripta</em></strong></span> <span class='ocrx_word' id='word_1_14' title='bbox 1951 741 2177 796; x_wconf 82' lang='lat' dir='ltr'><strong><em>tantum</em></strong></span> <span class='ocrx_word' id='word_1_15' title='bbox 2243 752 2385 796; x_wconf 85' lang='lat' dir='ltr'><strong><em>vere</em></strong></span> <span class='ocrx_word' id='word_1_16' title='bbox 2449 742 2508 796; x_wconf 86' lang='lat' dir='ltr'><strong><em>et</em></strong></span> <span class='ocrx_word' id='word_1_17' title='bbox 2561 740 2824 813; x_wconf 82' lang='lat' dir='ltr'><strong><em>proprie</em></strong></span> 
     </span>
     <span class='ocr_line' id='line_1_4' title="bbox 485 853 2820 932; baseline 0.002 -18"><span class='ocrx_word' id='word_1_18' title='bbox 485 853 883 930; x_wconf 81' lang='lat' dir='ltr'><strong><em>prophetica,</em></strong></span> <span class='ocrx_word' id='word_1_19' title='bbox 944 868 1026 911; x_wconf 86' lang='lat' dir='ltr'><strong><em>an</em></strong></span> <span class='ocrx_word' id='word_1_20' title='bbox 1071 854 1157 911; x_wconf 85' lang='lat' dir='ltr'><strong><em>ad</em></strong></span> <span class='ocrx_word' id='word_1_21' title='bbox 1199 869 1401 914; x_wconf 88' lang='lat' dir='ltr'><strong><em>omnes</em></strong></span> <span class='ocrx_word' id='word_1_22' title='bbox 1461 855 1686 915; x_wconf 78' lang='lat' dir='ltr'><strong><em>Veteris</em></strong></span> <span class='ocrx_word' id='word_1_23' title='bbox 1733 855 2091 916; x_wconf 79' lang='lat' dir='ltr'><strong><em>Testamenti</em></strong></span> <span class='ocrx_word' id='word_1_24' title='bbox 2135 855 2351 927; x_wconf 83' lang='lat' dir='ltr'><strong><em>libros,</em></strong></span> <span class='ocrx_word' id='word_1_25' title='bbox 2397 857 2687 932; x_wconf 75' lang='lat' dir='ltr'><strong><em>imprimis</em></strong></span> <span class='ocrx_word' id='word_1_26' title='bbox 2729 859 2820 918; x_wconf 77' lang='lat' dir='ltr'><strong><em>ki-</em></strong></span> 
     </span>
     <span class='ocr_line' id='line_1_5' title="bbox 498 967 2808 1058; baseline 0.002 -24"><span class='ocrx_word' id='word_1_27' title='bbox 498 975 755 1034; x_wconf 86' lang='lat' dir='ltr'><strong><em>storicos</em></strong></span> <span class='ocrx_word' id='word_1_28' title='bbox 785 973 1101 1049; x_wconf 86' lang='lat' dir='ltr'><strong><em>pertinere</em></strong></span> <span class='ocrx_word' id='word_1_29' title='bbox 1129 973 1430 1048; x_wconf 77' lang='lat' dir='ltr'><strong><em>jndicem.</em></strong></span> <span class='ocrx_word' id='word_1_30' title='bbox 1509 967 1666 1036; x_wconf 84' lang='lat' dir='ltr'><strong><em>Sine</em></strong></span> <span class='ocrx_word' id='word_1_31' title='bbox 1698 968 1892 1035; x_wconf 90' lang='lat' dir='ltr'><strong><em>dubio</em></strong></span> <span class='ocrx_word' id='word_1_32' title='bbox 1921 969 2265 1055; x_wconf 82' lang='lat' dir='ltr'><strong><em>Davidem,</em></strong></span> <span class='ocrx_word' id='word_1_33' title='bbox 2303 972 2483 1056; x_wconf 89' lang='lat' dir='ltr'><strong><em>cujus</em></strong></span> <span class='ocrx_word' id='word_1_34' title='bbox 2517 973 2808 1058; x_wconf 89' lang='lat' dir='ltr'><strong><em>psalmos</em></strong></span> 
     </span>
     <span class='ocr_line' id='line_1_6' title="bbox 500 1087 2814 1175; baseline 0.001 -20"><span class='ocrx_word' id='word_1_35' title='bbox 500 1087 811 1175; x_wconf 85' lang='lat' dir='ltr'><strong><em>imprimis</em></strong></span> <span class='ocrx_word' id='word_1_36' title='bbox 876 1087 1164 1152; x_wconf 87' lang='lat' dir='ltr'><strong><em>Justinus</em></strong></span> <span class='ocrx_word' id='word_1_37' title='bbox 1222 1087 1542 1153; x_wconf 82' lang='lat' dir='ltr'><strong><em>vaticiniis</em></strong></span> <span class='ocrx_word' id='word_1_38' title='bbox 1605 1090 1674 1153; x_wconf 90' lang='lat' dir='ltr'><strong><em>in</em></strong></span> <span class='ocrx_word' id='word_1_39' title='bbox 1741 1088 2061 1156; x_wconf 80' lang='lat' dir='ltr'><strong><em>Christum</em></strong></span> <span class='ocrx_word' id='word_1_40' title='bbox 2125 1111 2360 1175; x_wconf 88' lang='lat' dir='ltr'><strong><em>resque</em></strong></span> <span class='ocrx_word' id='word_1_41' title='bbox 2430 1091 2814 1159; x_wconf 87' lang='lat' dir='ltr'><strong><em>christianas</em></strong></span> 
     </span>
     <span class='ocr_line' id='line_1_7' title="bbox 500 1208 2817 1297; baseline 0.001 -22"><span class='ocrx_word' id='word_1_42' title='bbox 500 1208 774 1277; x_wconf 82' lang='lat' dir='ltr'><strong><em>refertas</em></strong></span> <span class='ocrx_word' id='word_1_43' title='bbox 820 1226 967 1273; x_wconf 89' lang='lat' dir='ltr'><strong><em>esse</em></strong></span> <span class='ocrx_word' id='word_1_44' title='bbox 1025 1212 1272 1291; x_wconf 88' lang='lat' dir='ltr'><strong><em>censet,</em></strong></span> <span class='ocrx_word' id='word_1_45' title='bbox 1331 1212 1397 1273; x_wconf 86' lang='lat' dir='ltr'><strong><em>et</em></strong></span> <span class='ocrx_word' id='word_1_46' title='bbox 1448 1208 1968 1295; x_wconf 85' lang='lat' dir='ltr'><strong><em>Proverbiorum,</em></strong></span> <span class='ocrx_word' id='word_1_47' title='bbox 2022 1229 2189 1292; x_wconf 88' lang='lat' dir='ltr'><strong><em>quae</em></strong></span> <span class='ocrx_word' id='word_1_48' title='bbox 2235 1211 2617 1297; x_wconf 90' lang='lat' dir='ltr'><strong><em>saepissime</em></strong></span> <span class='ocrx_word' id='word_1_49' title='bbox 2662 1212 2817 1278; x_wconf 90' lang='lat' dir='ltr'><strong><em>alle-</em></strong></span> 
     </span>
     <span class='ocr_line' id='line_1_8' title="bbox 503 1324 2817 1416; baseline 0 -20"><span class='ocrx_word' id='word_1_50' title='bbox 503 1329 721 1416; x_wconf 83' lang='lat' dir='ltr'><strong><em>gant¹,</em></strong></span> <span class='ocrx_word' id='word_1_51' title='bbox 768 1334 1092 1393; x_wconf 79' lang='lat' dir='ltr'><strong><em>auctorem</em></strong></span> <span class='ocrx_word' id='word_1_52' title='bbox 1141 1324 1372 1393; x_wconf 89' lang='lat' dir='ltr'><strong><em>eodem</em></strong></span> <span class='ocrx_word' id='word_1_53' title='bbox 1413 1326 1603 1394; x_wconf 92' lang='lat' dir='ltr'><strong><em>modo</em></strong></span> <span class='ocrx_word' id='word_1_54' title='bbox 1636 1349 1761 1412; x_wconf 91' lang='lat' dir='ltr'><strong><em>quo</em></strong></span> <span class='ocrx_word' id='word_1_55' title='bbox 1791 1328 2147 1415; x_wconf 86' lang='lat' dir='ltr'><strong><em>prophetas</em></strong></span> <span class='ocrx_word' id='word_1_56' title='bbox 2175 1329 2526 1415; x_wconf 87' lang='lat' dir='ltr'><strong><em>inspiratos</em></strong></span> <span class='ocrx_word' id='word_1_57' title='bbox 2557 1329 2817 1398; x_wconf 91' lang='lat' dir='ltr'><strong><em>habent.</em></strong></span> 
     </span>
     <span class='ocr_line' id='line_1_9' title="bbox 505 1445 2827 1530; baseline 0 -14"><span class='ocrx_word' id='word_1_58' title='bbox 505 1446 640 1517; x_wconf 89' lang='lat' dir='ltr'><strong><em>Sed</em></strong></span> <span class='ocrx_word' id='word_1_59' title='bbox 688 1454 896 1512; x_wconf 88' lang='lat' dir='ltr'><strong><em>utrum</em></strong></span> <span class='ocrx_word' id='word_1_60' title='bbox 949 1445 1395 1513; x_wconf 89' lang='lat' dir='ltr'><strong><em>historicorum</em></strong></span> <span class='ocrx_word' id='word_1_61' title='bbox 1461 1468 1714 1530; x_wconf 88' lang='lat' dir='ltr'><strong><em>quoque</em></strong></span> <span class='ocrx_word' id='word_1_62' title='bbox 1769 1448 2074 1513; x_wconf 89' lang='lat' dir='ltr'><strong><em>librorum</em></strong></span> <span class='ocrx_word' id='word_1_63' title='bbox 2129 1449 2467 1515; x_wconf 80' lang='lat' dir='ltr'><strong><em>materiam</em></strong></span> <span class='ocrx_word' id='word_1_64' title='bbox 2513 1470 2594 1517; x_wconf 85' lang='lat' dir='ltr'><strong><em>ex</em></strong></span> <span class='ocrx_word' id='word_1_65' title='bbox 2648 1470 2827 1516; x_wconf 85' lang='lat' dir='ltr'><strong><em>reve-</em></strong></span> 
     </span>
     <span class='ocr_line' id='line_1_10' title="bbox 502 1565 2822 1656; baseline 0 -21"><span class='ocrx_word' id='word_1_66' title='bbox 502 1569 744 1636; x_wconf 83' lang='lat' dir='ltr'><strong><em>latione</em></strong></span> <span class='ocrx_word' id='word_1_67' title='bbox 796 1566 1018 1634; x_wconf 81' lang='lat' dir='ltr'><strong><em>divina</em></strong></span> <span class='ocrx_word' id='word_1_68' title='bbox 1062 1565 1520 1653; x_wconf 85' lang='lat' dir='ltr'><strong><em>derivaverint,</em></strong></span> <span class='ocrx_word' id='word_1_69' title='bbox 1567 1566 1886 1634; x_wconf 82' lang='lat' dir='ltr'><strong><em>difficilius</em></strong></span> <span class='ocrx_word' id='word_1_70' title='bbox 1932 1567 2296 1655; x_wconf 91' lang='lat' dir='ltr'><strong><em>disceptatu</em></strong></span> <span class='ocrx_word' id='word_1_71' title='bbox 2341 1569 2547 1636; x_wconf 80' lang='lat' dir='ltr'><strong><em>videri</em></strong></span> <span class='ocrx_word' id='word_1_72' title='bbox 2592 1576 2822 1656; x_wconf 90' lang='lat' dir='ltr'><strong><em>potest.</em></strong></span> 
     </span>
     <span class='ocr_line' id='line_1_11' title="bbox 505 1688 2823 1774; baseline -0.001 -18"><span class='ocrx_word' id='word_1_73' title='bbox 505 1690 614 1756; x_wconf 89' lang='lat' dir='ltr'><strong><em>Ait</em></strong></span> <span class='ocrx_word' id='word_1_74' title='bbox 651 1688 819 1755; x_wconf 89' lang='lat' dir='ltr'><strong><em>enim</em></strong></span> <span class='ocrx_word' id='word_1_75' title='bbox 863 1691 1138 1751; x_wconf 78' lang='lat' dir='ltr'><strong><em>Iustinus</em></strong></span> <span class='ocrx_word' id='word_1_76' title='bbox 1183 1689 1321 1751; x_wconf 76' lang='lat' dir='ltr'><strong><em>Cok.</em></strong></span> <span class='ocrx_word' id='word_1_77' title='bbox 1355 1690 1441 1750; x_wconf 85' lang='lat' dir='ltr'><strong><em>ad</em></strong></span> <span class='ocrx_word' id='word_1_78' title='bbox 1489 1691 1590 1751; x_wconf 85' lang='lat' dir='ltr'><strong><em>Gr.</em></strong></span> <span class='ocrx_word' id='word_1_79' title='bbox 1623 1707 1676 1752; x_wconf 93' lang='lat' dir='ltr'><strong><em>c.</em></strong></span> <span class='ocrx_word' id='word_1_80' title='bbox 1707 1689 1766 1770; x_wconf 89' lang='grc'><strong><em>8,</em></strong></span> <span class='ocrx_word' id='word_1_81' title='bbox 1797 1709 1861 1773; x_wconf 89' lang='lat' dir='ltr'><strong><em>p.</em></strong></span> <span class='ocrx_word' id='word_1_82' title='bbox 1894 1691 1994 1774; x_wconf 88' lang='lat'><strong><em>32,</em></strong></span> <span class='ocrx_word' id='word_1_83' title='bbox 2040 1688 2334 1756; x_wconf 88' lang='lat' dir='ltr'><strong><em>homines</em></strong></span> <span class='ocrx_word' id='word_1_84' title='bbox 2383 1695 2645 1756; x_wconf 87' lang='lat' dir='ltr'><strong><em>sanctos</em></strong></span> <span class='ocrx_word' id='word_1_85' title='bbox 2695 1689 2823 1756; x_wconf 89' lang='lat' dir='ltr'><strong><em>effi-</em></strong></span> 
     </span>
     <span class='ocr_line' id='line_1_12' title="bbox 507 1801 2817 1894; baseline -0.001 -17"><span class='ocrx_word' id='word_1_86' title='bbox 507 1810 728 1877; x_wconf 89' lang='lat' dir='ltr'><strong><em>caciae</em></strong></span> <span class='ocrx_word' id='word_1_87' title='bbox 775 1805 1036 1874; x_wconf 81' lang='lat' dir='ltr'><strong><em>divinae</em></strong></span> <span class='ocrx_word' id='word_1_88' title='bbox 1082 1826 1153 1873; x_wconf 90' lang='lat' dir='ltr'><strong><em>se</em></strong></span> <span class='ocrx_word' id='word_1_89' title='bbox 1201 1804 1460 1873; x_wconf 84' lang='lat' dir='ltr'><strong><em>tradere</em></strong></span> <span class='ocrx_word' id='word_1_90' title='bbox 1500 1804 1823 1892; x_wconf 82' lang='lat' dir='ltr'><strong><em>debuisse,</em></strong></span> <span class='ocrx_word' id='word_1_91' title='bbox 1872 1806 1979 1873; x_wconf 77' lang='grc' dir='ltr'><strong><em>ἵνα</em></strong></span> <span class='ocrx_word' id='word_1_92' title='bbox 2008 1801 2170 1875; x_wconf 75' lang='grc' dir='ltr'><em>αὐτὸ</em></span> <span class='ocrx_word' id='word_1_93' title='bbox 2193 1805 2273 1875; x_wconf 83' lang='grc' dir='ltr'><em>τὸ</em></span> <span class='ocrx_word' id='word_1_94' title='bbox 2302 1814 2493 1875; x_wconf 78' lang='grc' dir='ltr'><em>θετον</em></span> <span class='ocrx_word' id='word_1_95' title='bbox 2526 1807 2597 1891; x_wconf 75' lang='grc' dir='ltr'><strong><em>ἐξ</em></strong></span> <span class='ocrx_word' id='word_1_96' title='bbox 2627 1803 2817 1894; x_wconf 82' lang='grc' dir='ltr'><em>ου’ρα-</em></span> 
     </span>
     <span class='ocr_line' id='line_1_13' title="bbox 508 1921 2819 2014; baseline -0.001 -17"><span class='ocrx_word' id='word_1_97' title='bbox 508 1931 631 1997; x_wconf 82' lang='grc' dir='ltr'><em>νοῦ</em></span> <span class='ocrx_word' id='word_1_98' title='bbox 683 1923 914 1994; x_wconf 86' lang='grc' dir='ltr'><em>κατιόν</em></span> <span class='ocrx_word' id='word_1_99' title='bbox 969 1929 1305 2014; x_wconf 82' lang='grc' dir='ltr'><strong><em>πλῆκτρον</em></strong></span> <span class='ocrx_word' id='word_1_100' title='bbox 1356 1922 1477 2012; x_wconf 85' lang='grc' dir='ltr'><strong><em>τὴν</em></strong></span> <span class='ocrx_word' id='word_1_101' title='bbox 1529 1928 1688 1992; x_wconf 74' lang='grc' dir='ltr'><strong><em>τῶν</em></strong></span> <span class='ocrx_word' id='word_1_102' title='bbox 1731 1929 1977 1994; x_wconf 80' lang='grc' dir='ltr'><em>θείων</em></span> <span class='ocrx_word' id='word_1_103' title='bbox 2018 1922 2203 2014; x_wconf 83' lang='grc' dir='ltr'><em>ἡμῖν</em></span> <span class='ocrx_word' id='word_1_104' title='bbox 2247 1930 2374 1994; x_wconf 83' lang='grc' dir='ltr'><strong><em>καὶ</em></strong></span> <span class='ocrx_word' id='word_1_105' title='bbox 2417 1921 2819 2012; x_wconf 77' lang='grc' dir='ltr'><em>ου’ρανίων</em></span> 
     </span>
     <span class='ocr_line' id='line_1_14' title="bbox 482 2041 2820 2133; baseline -0.002 -16"><span class='ocrx_word' id='word_1_106' title='bbox 482 2096 485 2099; x_wconf 97' lang='grc'>-</span> <span class='ocrx_word' id='word_1_107' title='bbox 511 2042 908 2130; x_wconf 73' lang='grc' dir='ltr'><em>ἀποκαλύψῃ</em></span> <span class='ocrx_word' id='word_1_108' title='bbox 952 2048 1226 2132; x_wconf 75' lang='grc' dir='ltr'><em>γνωσιν;</em></span> <span class='ocrx_word' id='word_1_109' title='bbox 1273 2053 1338 2112; x_wconf 90' lang='lat' dir='ltr'><strong><em>et</em></strong></span> <span class='ocrx_word' id='word_1_110' title='bbox 1368 2043 1679 2132; x_wconf 79' lang='lat' dir='ltr'><strong><em>deinceps</em></strong></span> <span class='ocrx_word' id='word_1_111' title='bbox 1711 2046 1923 2113; x_wconf 79' lang='lat' dir='ltr'><strong><em>addit:</em></strong></span> <span class='ocrx_word' id='word_1_112' title='bbox 1969 2044 2077 2113; x_wconf 79' lang='grc' dir='ltr'><strong><em>διὰ</em></strong></span> <span class='ocrx_word' id='word_1_113' title='bbox 2108 2050 2306 2114; x_wconf 87' lang='grc' dir='ltr'><em>τοῦτο</em></span> <span class='ocrx_word' id='word_1_114' title='bbox 2342 2048 2569 2113; x_wconf 90' lang='grc' dir='ltr'><em>τοίνυν</em></span> <span class='ocrx_word' id='word_1_115' title='bbox 2599 2041 2820 2133; x_wconf 78' lang='grc' dir='ltr'><em>ὥσπερ</em></span> 
     </span>
     <span class='ocr_line' id='line_1_15' title="bbox 511 2162 2828 2253; baseline -0.001 -18"><span class='ocrx_word' id='word_1_116' title='bbox 511 2169 581 2252; x_wconf 79' lang='grc' dir='ltr'><strong><em>ἐξ</em></strong></span> <span class='ocrx_word' id='word_1_117' title='bbox 625 2164 770 2245; x_wconf 72' lang='grc' dir='ltr'><em>ἑνὸς</em></span> <span class='ocrx_word' id='word_1_118' title='bbox 815 2163 1136 2251; x_wconf 87' lang='grc' dir='ltr'><em>στόματος</em></span> <span class='ocrx_word' id='word_1_119' title='bbox 1180 2168 1291 2231; x_wconf 85' lang='grc' dir='ltr'><strong><em>καὶ</em></strong></span> <span class='ocrx_word' id='word_1_120' title='bbox 1330 2168 1482 2251; x_wconf 86' lang='grc' dir='ltr'><em>μιᾶς</em></span> <span class='ocrx_word' id='word_1_121' title='bbox 1510 2162 1806 2252; x_wconf 77' lang='grc' dir='ltr'><strong><em>γλώττης</em></strong></span> <span class='ocrx_word' id='word_1_122' title='bbox 1850 2169 1980 2232; x_wconf 84' lang='grc' dir='ltr'><strong><em>καὶ</em></strong></span> <span class='ocrx_word' id='word_1_123' title='bbox 2020 2169 2199 2253; x_wconf 84' lang='grc' dir='ltr'><em>περὶ</em></span> <span class='ocrx_word' id='word_1_124' title='bbox 2240 2169 2436 2235; x_wconf 82' lang='grc' dir='ltr'><em>θεοῦ</em></span> <span class='ocrx_word' id='word_1_125' title='bbox 2480 2169 2609 2233; x_wconf 84' lang='grc' dir='ltr'><strong><em>καὶ</em></strong></span> <span class='ocrx_word' id='word_1_126' title='bbox 2648 2170 2828 2252; x_wconf 85' lang='grc' dir='ltr'><em>περὶ</em></span> 
     </span>
     <span class='ocr_line' id='line_1_16' title="bbox 516 2280 2825 2372; baseline -0.001 -18"><span class='ocrx_word' id='word_1_127' title='bbox 516 2283 811 2372; x_wconf 83' lang='grc' dir='ltr'><em>κόσμου</em></span> <span class='ocrx_word' id='word_1_128' title='bbox 853 2287 1178 2362; x_wconf 82' lang='grc' dir='ltr'><em>κτίσεως</em></span> <span class='ocrx_word' id='word_1_129' title='bbox 1220 2287 1353 2352; x_wconf 88' lang='grc' dir='ltr'><strong><em>καὶ</em></strong></span> <span class='ocrx_word' id='word_1_130' title='bbox 1393 2287 1569 2372; x_wconf 82' lang='grc' dir='ltr'><em>περὶ</em></span> <span class='ocrx_word' id='word_1_131' title='bbox 1610 2281 1974 2362; x_wconf 79' lang='grc' dir='ltr'><em>πλάσεως</em></span> <span class='ocrx_word' id='word_1_132' title='bbox 2018 2280 2455 2372; x_wconf 77' lang='grc' dir='ltr'><em>α’νθρωπου</em></span> <span class='ocrx_word' id='word_1_133' title='bbox 2486 2288 2618 2352; x_wconf 82' lang='grc' dir='ltr'><strong><em>καὶ</em></strong></span> <span class='ocrx_word' id='word_1_134' title='bbox 2646 2288 2825 2371; x_wconf 82' lang='grc' dir='ltr'><em>περὶ</em></span> 
     </span>
     <span class='ocr_line' id='line_1_17' title="bbox 512 2399 2823 2492; baseline -0.001 -18"><span class='ocrx_word' id='word_1_135' title='bbox 512 2401 1028 2492; x_wconf 72' lang='grc' dir='ltr'><em>ἀνθρωπίνης</em></span> <span class='ocrx_word' id='word_1_136' title='bbox 1079 2408 1330 2492; x_wconf 75' lang='grc' dir='ltr'><em>ψυχῆς</em></span> <span class='ocrx_word' id='word_1_137' title='bbox 1382 2399 1820 2482; x_wconf 77' lang='grc' dir='ltr'><em>α’θανασίας</em></span> <span class='ocrx_word' id='word_1_138' title='bbox 1873 2406 2001 2471; x_wconf 88' lang='grc' dir='ltr'><strong><em>καὶ</em></strong></span> <span class='ocrx_word' id='word_1_139' title='bbox 2051 2408 2184 2492; x_wconf 86' lang='grc' dir='ltr'><strong><em>τῆς</em></strong></span> <span class='ocrx_word' id='word_1_140' title='bbox 2234 2402 2421 2491; x_wconf 82' lang='grc' dir='ltr'><em>μετὰ</em></span> <span class='ocrx_word' id='word_1_141' title='bbox 2463 2401 2603 2472; x_wconf 87' lang='grc' dir='ltr'><strong><em>τὸν</em></strong></span> <span class='ocrx_word' id='word_1_142' title='bbox 2645 2407 2823 2487; x_wconf 82' lang='grc' dir='ltr'><em>βίον</em></span> 
     </span>
     <span class='ocr_line' id='line_1_18' title="bbox 509 2515 2824 2614; baseline -0.002 -18"><span class='ocrx_word' id='word_1_143' title='bbox 509 2529 791 2597; x_wconf 83' lang='grc' dir='ltr'><em>τοῦτον</em></span> <span class='ocrx_word' id='word_1_144' title='bbox 822 2522 1251 2614; x_wconf 79' lang='grc' dir='ltr'><em>μελλούσης</em></span> <span class='ocrx_word' id='word_1_145' title='bbox 1281 2523 1598 2592; x_wconf 81' lang='grc' dir='ltr'><em>ἔσεσθαι</em></span> <span class='ocrx_word' id='word_1_146' title='bbox 1629 2526 1961 2612; x_wconf 83' lang='grc' dir='ltr'><em>κρίσεως</em></span> <span class='ocrx_word' id='word_1_147' title='bbox 1993 2528 2123 2593; x_wconf 89' lang='grc' dir='ltr'><strong><em>καὶ</em></strong></span> <span class='ocrx_word' id='word_1_148' title='bbox 2149 2527 2326 2612; x_wconf 87' lang='grc' dir='ltr'><em>περὶ</em></span> <span class='ocrx_word' id='word_1_149' title='bbox 2355 2522 2681 2593; x_wconf 81' lang='grc' dir='ltr'><em>πάντων</em></span> <span class='ocrx_word' id='word_1_150' title='bbox 2711 2515 2824 2592; x_wconf 74' lang='grc' dir='ltr'><em>ὦν</em></span> 
     </span>
     <span class='ocr_line' id='line_1_19' title="bbox 511 2640 2816 2734; baseline -0.001 -19"><span class='ocrx_word' id='word_1_151' title='bbox 511 2644 945 2734; x_wconf 78' lang='grc' dir='ltr'><em>α’ναγκαῑον</em></span> <span class='ocrx_word' id='word_1_152' title='bbox 995 2640 1179 2732; x_wconf 82' lang='grc' dir='ltr'><em>ἡμῖν</em></span> <span class='ocrx_word' id='word_1_153' title='bbox 1219 2645 1430 2712; x_wconf 77' lang='grc' dir='ltr'><em>ἐστιν</em></span> <span class='ocrx_word' id='word_1_154' title='bbox 1481 2644 1777 2711; x_wconf 79' lang='grc' dir='ltr'><em>εἰδέναι</em></span> <span class='ocrx_word' id='word_1_155' title='bbox 1834 2640 2230 2723; x_wconf 79' lang='grc' dir='ltr'><em>α’κολούθως</em></span> <span class='ocrx_word' id='word_1_156' title='bbox 2283 2648 2396 2712; x_wconf 90' lang='grc' dir='ltr'><strong><em>καὶ</em></strong></span> <span class='ocrx_word' id='word_1_157' title='bbox 2439 2643 2816 2732; x_wconf 77' lang='grc' dir='ltr'><em>συμφώνως</em></span> 
     </span>
     <span class='ocr_line' id='line_1_20' title="bbox 512 2761 2817 2855; baseline -0.002 -21"><span class='ocrx_word' id='word_1_158' title='bbox 512 2762 820 2855; x_wconf 72' lang='grc' dir='ltr'><em>ἀλλήλοις</em></span> <span class='ocrx_word' id='word_1_159' title='bbox 849 2765 1153 2847; x_wconf 73' lang='grc' dir='ltr'><em>ἐδίδαξαν</em></span> <span class='ocrx_word' id='word_1_160' title='bbox 1194 2761 1380 2853; x_wconf 84' lang='grc' dir='ltr'><em>ἡμᾶς.</em></span> <span class='ocrx_word' id='word_1_161' title='bbox 1446 2766 1528 2830; x_wconf 89' lang='lat' dir='ltr'><strong><em>Et</em></strong></span> <span class='ocrx_word' id='word_1_162' title='bbox 1561 2770 1921 2844; x_wconf 78' lang='lat' dir='ltr'><strong><em>Theophilus</em></strong></span> <span class='ocrx_word' id='word_1_163' title='bbox 1954 2766 2247 2832; x_wconf 87' lang='lat' dir='ltr'><strong><em>similiter</em></strong></span> <span class='ocrx_word' id='word_1_164' title='bbox 2276 2771 2363 2831; x_wconf 85' lang='lat' dir='ltr'><strong><em>ad</em></strong></span> <span class='ocrx_word' id='word_1_165' title='bbox 2388 2772 2580 2831; x_wconf 83' lang='lat' dir='ltr'><strong><em>Autol.</em></strong></span> <span class='ocrx_word' id='word_1_166' title='bbox 2604 2768 2686 2852; x_wconf 89' lang='lat'><strong><em>11,</em></strong></span> <span class='ocrx_word' id='word_1_167' title='bbox 2715 2770 2817 2853; x_wconf 88' lang='lat'><strong><em>35,</em></strong></span> 
     </span>
     <span class='ocr_line' id='line_1_21' title="bbox 513 2879 2823 2976; baseline -0.001 -21"><span class='ocrx_word' id='word_1_168' title='bbox 513 2912 577 2976; x_wconf 90' lang='lat' dir='ltr'><strong><em>p.</em></strong></span> <span class='ocrx_word' id='word_1_169' title='bbox 611 2890 736 2953; x_wconf 88' lang='grc'><strong><em>160</em></strong></span> <span class='ocrx_word' id='word_1_170' title='bbox 796 2886 1040 2953; x_wconf 76' lang='lat' dir='ltr'><strong><em>scribit:</em></strong></span> <span class='ocrx_word' id='word_1_171' title='bbox 1084 2879 1280 2970; x_wconf 84' lang='grc' dir='ltr'><em>Ὁρᾶν</em></span> <span class='ocrx_word' id='word_1_172' title='bbox 1333 2884 1468 2950; x_wconf 77' lang='grc' dir='ltr'><em>ἐστι</em></span> <span class='ocrx_word' id='word_1_173' title='bbox 1519 2888 1665 2962; x_wconf 77' lang='grc' dir='ltr'><strong><em>πῶς</em></strong></span> <span class='ocrx_word' id='word_1_174' title='bbox 1711 2887 1873 2968; x_wconf 82' lang='grc' dir='ltr'><em>φίλα</em></span> <span class='ocrx_word' id='word_1_175' title='bbox 1912 2887 2022 2951; x_wconf 83' lang='grc' dir='ltr'><strong><em>καὶ</em></strong></span> <span class='ocrx_word' id='word_1_176' title='bbox 2067 2882 2392 2970; x_wconf 83' lang='grc' dir='ltr'><em>σύμφωνα</em></span> <span class='ocrx_word' id='word_1_177' title='bbox 2437 2882 2823 2973; x_wconf 78' lang='grc' dir='ltr'><em>ἐλάλησαν</em></span> 
     </span>
     <span class='ocr_line' id='line_1_22' title="bbox 511 2998 2820 3092; baseline -0.002 -17"><span class='ocrx_word' id='word_1_178' title='bbox 511 3004 796 3083; x_wconf 82' lang='grc' dir='ltr'><em>πάντες</em></span> <span class='ocrx_word' id='word_1_179' title='bbox 841 3003 912 3071; x_wconf 80' lang='grc' dir='ltr'><strong><em>οἱ</em></strong></span> <span class='ocrx_word' id='word_1_180' title='bbox 963 3007 1387 3091; x_wconf 79' lang='grc' dir='ltr'><em>προφῆται,</em></span> <span class='ocrx_word' id='word_1_181' title='bbox 1442 3000 1539 3071; x_wconf 72' lang='grc' dir='ltr'><em>ἑνὶ</em></span> <span class='ocrx_word' id='word_1_182' title='bbox 1596 3006 1710 3070; x_wconf 82' lang='grc' dir='ltr'><strong><em>καὶ</em></strong></span> <span class='ocrx_word' id='word_1_183' title='bbox 1758 3007 1859 3090; x_wconf 75' lang='grc' dir='ltr'><em>τῷ</em></span> <span class='ocrx_word' id='word_1_184' title='bbox 1913 2998 2096 3090; x_wconf 73' lang='grc' dir='ltr'><em>αὐτῷ</em></span> <span class='ocrx_word' id='word_1_185' title='bbox 2146 3002 2465 3090; x_wconf 87' lang='grc' dir='ltr'><em>πνεύματι</em></span> <span class='ocrx_word' id='word_1_186' title='bbox 2519 3001 2820 3092; x_wconf 82' lang='grc' dir='ltr'><em>ἐκφωνή-</em></span> 
     </span>
     <span class='ocr_line' id='line_1_23' title="bbox 516 3120 2825 3212; baseline -0.003 -17"><span class='ocrx_word' id='word_1_187' title='bbox 516 3146 761 3206; x_wconf 87' lang='grc' dir='ltr'><em>σαντες,</em></span> <span class='ocrx_word' id='word_1_188' title='bbox 797 3127 973 3211; x_wconf 89' lang='grc' dir='ltr'><em>περί</em></span> <span class='ocrx_word' id='word_1_189' title='bbox 1009 3147 1088 3190; x_wconf 87' lang='grc' dir='ltr'><em>τε</em></span> <span class='ocrx_word' id='word_1_190' title='bbox 1121 3125 1547 3210; x_wconf 89' lang='grc' dir='ltr'><em>μοναρχίας</em></span> <span class='ocrx_word' id='word_1_191' title='bbox 1576 3126 1767 3191; x_wconf 81' lang='grc' dir='ltr'><em>θεοῦ</em></span> <span class='ocrx_word' id='word_1_192' title='bbox 1797 3126 1924 3190; x_wconf 82' lang='grc' dir='ltr'><strong><em>καὶ</em></strong></span> <span class='ocrx_word' id='word_1_193' title='bbox 1952 3127 2084 3212; x_wconf 86' lang='grc' dir='ltr'><strong><em>τῆς</em></strong></span> <span class='ocrx_word' id='word_1_194' title='bbox 2111 3127 2249 3191; x_wconf 82' lang='grc' dir='ltr'><em>τοῦ</em></span> <span class='ocrx_word' id='word_1_195' title='bbox 2281 3120 2576 3208; x_wconf 89' lang='grc' dir='ltr'><em>κόσμου</em></span> <span class='ocrx_word' id='word_1_196' title='bbox 2613 3125 2825 3210; x_wconf 80' lang='grc' dir='ltr'><em>γενέ-</em></span> 
     </span>
     <span class='ocr_line' id='line_1_24' title="bbox 518 3238 2828 3332; baseline -0.002 -17"><span class='ocrx_word' id='word_1_197' title='bbox 518 3266 707 3325; x_wconf 86' lang='grc' dir='ltr'><em>σεως</em></span> <span class='ocrx_word' id='word_1_198' title='bbox 765 3247 892 3311; x_wconf 83' lang='grc' dir='ltr'><strong><em>καὶ</em></strong></span> <span class='ocrx_word' id='word_1_199' title='bbox 948 3247 1079 3332; x_wconf 90' lang='grc' dir='ltr'><strong><em>τῆς</em></strong></span> <span class='ocrx_word' id='word_1_200' title='bbox 1132 3238 1560 3330; x_wconf 75' lang='grc' dir='ltr'><em>α’νθρώπου</em></span> <span class='ocrx_word' id='word_1_201' title='bbox 1610 3240 2012 3330; x_wconf 88' lang='grc' dir='ltr'><em>ποιήσεως.</em></span> <span class='ocrx_word' id='word_1_202' title='bbox 2110 3245 2340 3312; x_wconf 88' lang='lat' dir='ltr'><strong><em>Nonne</em></strong></span> <span class='ocrx_word' id='word_1_203' title='bbox 2395 3243 2561 3310; x_wconf 85' lang='lat' dir='ltr'><strong><em>hacc</em></strong></span> <span class='ocrx_word' id='word_1_204' title='bbox 2622 3246 2828 3312; x_wconf 85' lang='lat' dir='ltr'><strong><em>verba</em></strong></span> 
     </span>
     <span class='ocr_line' id='line_1_25' title="bbox 519 3363 2832 3452; baseline -0.002 -18"><span class='ocrx_word' id='word_1_205' title='bbox 519 3364 918 3434; x_wconf 90' lang='lat' dir='ltr'><strong><em>solummodo</em></strong></span> <span class='ocrx_word' id='word_1_206' title='bbox 957 3385 1040 3431; x_wconf 89' lang='lat' dir='ltr'><strong><em>ea</em></strong></span> <span class='ocrx_word' id='word_1_207' title='bbox 1067 3384 1235 3447; x_wconf 89' lang='lat' dir='ltr'><strong><em>quae</em></strong></span> <span class='ocrx_word' id='word_1_208' title='bbox 1274 3365 1340 3430; x_wconf 89' lang='lat' dir='ltr'><strong><em>in</em></strong></span> <span class='ocrx_word' id='word_1_209' title='bbox 1383 3365 1575 3430; x_wconf 91' lang='lat' dir='ltr'><strong><em>rebus</em></strong></span> <span class='ocrx_word' id='word_1_210' title='bbox 1609 3364 1694 3428; x_wconf 88' lang='lat' dir='ltr'><strong><em>ad</em></strong></span> <span class='ocrx_word' id='word_1_211' title='bbox 1721 3363 2100 3448; x_wconf 86' lang='lat' dir='ltr'><strong><em>religionem</em></strong></span> <span class='ocrx_word' id='word_1_212' title='bbox 2132 3371 2197 3431; x_wconf 90' lang='lat' dir='ltr'><strong><em>et</em></strong></span> <span class='ocrx_word' id='word_1_213' title='bbox 2224 3367 2497 3431; x_wconf 89' lang='lat' dir='ltr'><strong><em>salutem</em></strong></span> <span class='ocrx_word' id='word_1_214' title='bbox 2528 3371 2832 3452; x_wconf 89' lang='lat' dir='ltr'><strong><em>spectan-</em></strong></span> 
     </span>
     <span class='ocr_line' id='line_1_26' title="bbox 512 3484 2828 3571; baseline -0.001 -18"><span class='ocrx_word' id='word_1_215' title='bbox 512 3488 682 3556; x_wconf 85' lang='lat' dir='ltr'><strong><em>tibus</em></strong></span> <span class='ocrx_word' id='word_1_216' title='bbox 719 3507 879 3554; x_wconf 83' lang='lat' dir='ltr'><strong><em>vera</em></strong></span> <span class='ocrx_word' id='word_1_217' title='bbox 922 3491 1088 3569; x_wconf 86' lang='lat' dir='ltr'><strong><em>sunt,</em></strong></span> <span class='ocrx_word' id='word_1_218' title='bbox 1133 3485 1394 3551; x_wconf 90' lang='lat' dir='ltr'><strong><em>minime</em></strong></span> <span class='ocrx_word' id='word_1_219' title='bbox 1426 3504 1578 3552; x_wconf 86' lang='lat' dir='ltr'><strong><em>vero</em></strong></span> <span class='ocrx_word' id='word_1_220' title='bbox 1611 3503 1823 3550; x_wconf 89' lang='lat' dir='ltr'><strong><em>rerum</em></strong></span> <span class='ocrx_word' id='word_1_221' title='bbox 1853 3491 2178 3568; x_wconf 80' lang='lat' dir='ltr'><strong><em>gestarum</em></strong></span> <span class='ocrx_word' id='word_1_222' title='bbox 2211 3485 2711 3571; x_wconf 83' lang='lat' dir='ltr'><strong><em>descriptionem</em></strong></span> <span class='ocrx_word' id='word_1_223' title='bbox 2743 3484 2828 3550; x_wconf 91' lang='lat' dir='ltr'><strong><em>ad</em></strong></span> 
     </span>
     <span class='ocr_line' id='line_1_27' title="bbox 517 3602 2825 3692; baseline -0.002 -18"><span class='ocrx_word' id='word_1_224' title='bbox 517 3608 697 3674; x_wconf 89' lang='lat' dir='ltr'><strong><em>illam</em></strong></span> <span class='ocrx_word' id='word_1_225' title='bbox 728 3605 1216 3692; x_wconf 91' lang='lat' dir='ltr'><strong><em>inspirationem</em></strong></span> <span class='ocrx_word' id='word_1_226' title='bbox 1257 3604 1494 3671; x_wconf 88' lang='lat' dir='ltr'><strong><em>referre</em></strong></span> <span class='ocrx_word' id='word_1_227' title='bbox 1526 3602 1864 3670; x_wconf 77' lang='lat' dir='ltr'><strong><em>videntur?</em></strong></span> <span class='ocrx_word' id='word_1_228' title='bbox 1942 3602 2396 3689; x_wconf 83' lang='lat' dir='ltr'><strong><em>Concedimus,</em></strong></span> <span class='ocrx_word' id='word_1_229' title='bbox 2439 3605 2825 3690; x_wconf 84' lang='lat' dir='ltr'><strong><em>apologetas</em></strong></span> 
     </span>
    </p>
   </div>
   <div class='ocr_carea' id='block_1_3' title="bbox 519 3747 929 3756">
    <p class='ocr_par' dir='ltr' id='par_1_3' title="bbox 519 3747 929 3756">
     <span class='ocr_line' id='line_1_28' title="bbox 519 3747 929 3756; baseline 0 1320"><span class='ocrx_word' id='word_1_230' title='bbox 519 3747 929 3756; x_wconf 95' lang='lat' dir='ltr'><strong><em> </em></strong></span> 
     </span>
    </p>
   </div>
   <div class='ocr_carea' id='block_1_4' title="bbox 513 3820 2836 4418">
    <p class='ocr_par' dir='ltr' id='par_1_4' title="bbox 513 3820 2836 4418">
     <span class='ocr_line' id='line_1_29' title="bbox 661 3820 2834 3899; baseline -0.002 -15"><span class='ocrx_word' id='word_1_231' title='bbox 661 3830 681 3871; x_wconf 87' lang='lat'><strong>¹</strong></span> <span class='ocrx_word' id='word_1_232' title='bbox 726 3830 874 3884; x_wconf 85' lang='lat' dir='ltr'><strong><em>Diaz.</em></strong></span> <span class='ocrx_word' id='word_1_233' title='bbox 896 3846 939 3882; x_wconf 87' lang='lat' dir='ltr'><strong><em>c.</em></strong></span> <span class='ocrx_word' id='word_1_234' title='bbox 961 3829 1048 3882; x_wconf 88' lang='lat' dir='ltr'><strong><em>Tr.</em></strong></span> <span class='ocrx_word' id='word_1_235' title='bbox 1075 3842 1120 3883; x_wconf 83' lang='lat' dir='ltr'><strong><em>e.</em></strong></span> <span class='ocrx_word' id='word_1_236' title='bbox 1137 3830 1219 3895; x_wconf 84' lang='lat'><strong><em>61,</em></strong></span> <span class='ocrx_word' id='word_1_237' title='bbox 1253 3844 1305 3897; x_wconf 89' lang='lat' dir='ltr'><strong><em>p.</em></strong></span> <span class='ocrx_word' id='word_1_238' title='bbox 1333 3829 1450 3883; x_wconf 86' lang='lat'><strong><em>202.</em></strong></span> <span class='ocrx_word' id='word_1_239' title='bbox 1481 3829 1607 3882; x_wconf 87' lang='lat'>204:</span> <span class='ocrx_word' id='word_1_240' title='bbox 1646 3820 2011 3898; x_wconf 81' lang='grc' dir='ltr'><em>Μαρτυρήσει</em></span> <span class='ocrx_word' id='word_1_241' title='bbox 2040 3825 2105 3879; x_wconf 81' lang='grc' dir='ltr'><strong><em>δέ</em></strong></span> <span class='ocrx_word' id='word_1_242' title='bbox 2127 3846 2224 3899; x_wconf 85' lang='grc' dir='ltr'><strong><em>μοι</em></strong></span> <span class='ocrx_word' id='word_1_243' title='bbox 2250 3825 2279 3881; x_wconf 82' lang='grc' dir='ltr'><strong><em>ὃ</em></strong></span> <span class='ocrx_word' id='word_1_244' title='bbox 2304 3824 2467 3899; x_wconf 78' lang='grc' dir='ltr'><em>λόγος</em></span> <span class='ocrx_word' id='word_1_245' title='bbox 2489 3828 2585 3896; x_wconf 77' lang='grc' dir='ltr'><strong><em>τῆς</em></strong></span> <span class='ocrx_word' id='word_1_246' title='bbox 2610 3829 2834 3898; x_wconf 84' lang='grc' dir='ltr'><em>σοφίας,</em></span> 
     </span>
     <span class='ocr_line' id='line_1_30' title="bbox 523 3900 2834 3983; baseline -0.002 -14"><span class='ocrx_word' id='word_1_247' title='bbox 523 3912 687 3975; x_wconf 81' lang='grc' dir='ltr'><em>αὐτὸς</em></span> <span class='ocrx_word' id='word_1_248' title='bbox 724 3911 801 3967; x_wconf 84' lang='grc' dir='ltr'><em>ὢν</em></span> <span class='ocrx_word' id='word_1_249' title='bbox 827 3900 981 3970; x_wconf 61' lang='grc' dir='ltr'><em>οὗτος</em></span> <span class='ocrx_word' id='word_1_250' title='bbox 1018 3908 1047 3963; x_wconf 82' lang='grc' dir='ltr'><strong>ὅ</strong></span> <span class='ocrx_word' id='word_1_251' title='bbox 1081 3908 1231 3975; x_wconf 76' lang='grc' dir='ltr'><em>θεὸς,</em></span> <span class='ocrx_word' id='word_1_252' title='bbox 1270 3909 1496 3966; x_wconf 79' lang='grc' dir='ltr'><em>ἀπὸτοῦ</em></span> <span class='ocrx_word' id='word_1_253' title='bbox 1530 3907 1738 3982; x_wconf 85' lang='grc' dir='ltr'><em>πατρὸς</em></span> <span class='ocrx_word' id='word_1_254' title='bbox 1771 3913 1883 3965; x_wconf 83' lang='grc' dir='ltr'><strong><em>τῶν</em></strong></span> <span class='ocrx_word' id='word_1_255' title='bbox 1916 3911 2056 3966; x_wconf 82' lang='grc' dir='ltr'><em>ὅλων</em></span> <span class='ocrx_word' id='word_1_256' title='bbox 2081 3913 2380 3983; x_wconf 79' lang='grc' dir='ltr'><em>γεννηθεὶς</em></span> <span class='ocrx_word' id='word_1_257' title='bbox 2413 3913 2507 3966; x_wconf 81' lang='grc' dir='ltr'><em>καὶ</em></span> <span class='ocrx_word' id='word_1_258' title='bbox 2544 3908 2706 3983; x_wconf 82' lang='grc' dir='ltr'><em>λόγος</em></span> <span class='ocrx_word' id='word_1_259' title='bbox 2738 3914 2834 3965; x_wconf 85' lang='grc' dir='ltr'><strong><em>καὶ</em></strong></span> 
     </span>
     <span class='ocr_line' id='line_1_31' title="bbox 522 3993 2836 4072; baseline -0.002 -18"><span class='ocrx_word' id='word_1_260' title='bbox 522 4002 700 4072; x_wconf 85' lang='grc' dir='ltr'><em>σοφία</em></span> <span class='ocrx_word' id='word_1_261' title='bbox 736 4000 831 4052; x_wconf 83' lang='grc' dir='ltr'><strong><em>καὶ</em></strong></span> <span class='ocrx_word' id='word_1_262' title='bbox 878 3994 1012 4055; x_wconf 78' lang='grc' dir='ltr'><em>δόξα</em></span> <span class='ocrx_word' id='word_1_263' title='bbox 1054 4001 1148 4053; x_wconf 75' lang='grc' dir='ltr'><em>τοῦ</em></span> <span class='ocrx_word' id='word_1_264' title='bbox 1185 3996 1556 4069; x_wconf 75' lang='grc' dir='ltr'><em>γεννήσαντος</em></span> <span class='ocrx_word' id='word_1_265' title='bbox 1603 3993 1874 4070; x_wconf 79' lang='grc' dir='ltr'><em>ὖπᾶρχων</em></span> <span class='ocrx_word' id='word_1_266' title='bbox 1906 3998 2001 4050; x_wconf 85' lang='grc' dir='ltr'><strong><em>καὶ</em></strong></span> <span class='ocrx_word' id='word_1_267' title='bbox 2050 3996 2142 4051; x_wconf 76' lang='grc' dir='ltr'><strong><em>διὰ</em></strong></span> <span class='ocrx_word' id='word_1_268' title='bbox 2185 3996 2515 4068; x_wconf 87' lang='grc' dir='ltr'><em>Σολομῶνος</em></span> <span class='ocrx_word' id='word_1_269' title='bbox 2552 3994 2836 4069; x_wconf 85' lang='grc' dir='ltr'><em>φήσαντος</em></span> 
     </span>
     <span class='ocr_line' id='line_1_32' title="bbox 515 4079 2831 4158; baseline -0.002 -17"><span class='ocrx_word' id='word_1_270' title='bbox 515 4090 681 4141; x_wconf 75' lang='grc' dir='ltr'><em>ταῦτα</em></span> <span class='ocrx_word' id='word_1_271' title='bbox 719 4085 897 4152; x_wconf 67' lang='grc' dir='ltr'><em>(Ρῐον.</em></span> <span class='ocrx_word' id='word_1_272' title='bbox 925 4084 1079 4152; x_wconf 92' lang='lat' dir='ltr'>VIII,</span> <span class='ocrx_word' id='word_1_273' title='bbox 1108 4087 1371 4149; x_wconf 78' lang='lat'><strong><em>21—36).</em></strong></span> <span class='ocrx_word' id='word_1_274' title='bbox 1439 4086 1620 4154; x_wconf 80' lang='lat' dir='ltr'><strong><em>Suppl.</em></strong></span> <span class='ocrx_word' id='word_1_275' title='bbox 1649 4102 1737 4153; x_wconf 84' lang='lat' dir='ltr'><strong><em>pr.</em></strong></span> <span class='ocrx_word' id='word_1_276' title='bbox 1778 4083 1896 4138; x_wconf 75' lang='lat' dir='ltr'><strong><em>C‘hr.</em></strong></span> <span class='ocrx_word' id='word_1_277' title='bbox 1936 4099 1979 4138; x_wconf 79' lang='lat' dir='ltr'><strong><em>c,</em></strong></span> <span class='ocrx_word' id='word_1_278' title='bbox 2013 4086 2101 4151; x_wconf 67' lang='lat'><strong><em>102,</em></strong></span> <span class='ocrx_word' id='word_1_279' title='bbox 2151 4101 2203 4156; x_wconf 81' lang='lat' dir='ltr'><strong><em>p.</em></strong></span> <span class='ocrx_word' id='word_1_280' title='bbox 2229 4087 2324 4137; x_wconf 81' lang='lat'><strong><em>46:</em></strong></span> <span class='ocrx_word' id='word_1_281' title='bbox 2386 4079 2618 4156; x_wconf 72' lang='grc' dir='ltr'><em>συνᾴδει</em></span> <span class='ocrx_word' id='word_1_282' title='bbox 2657 4081 2719 4137; x_wconf 78' lang='grc' dir='ltr'><strong><em>δὲ</em></strong></span> <span class='ocrx_word' id='word_1_283' title='bbox 2754 4086 2831 4158; x_wconf 78' lang='grc' dir='ltr'><em>τῷ</em></span> 
     </span>
     <span class='ocr_line' id='line_1_33' title="bbox 517 4163 2830 4244; baseline -0.001 -20"><span class='ocrx_word' id='word_1_284' title='bbox 517 4169 662 4244; x_wconf 78' lang='grc' dir='ltr'><em>λόγῳ</em></span> <span class='ocrx_word' id='word_1_285' title='bbox 707 4170 802 4223; x_wconf 82' lang='grc' dir='ltr'><strong><em>καὶ</em></strong></span> <span class='ocrx_word' id='word_1_286' title='bbox 847 4165 908 4222; x_wconf 83' lang='grc' dir='ltr'><em>τὸ</em></span> <span class='ocrx_word' id='word_1_287' title='bbox 954 4166 1304 4241; x_wconf 83' lang='grc' dir='ltr'><em>προφητικὸν</em></span> <span class='ocrx_word' id='word_1_288' title='bbox 1339 4171 1561 4241; x_wconf 78' lang='grc' dir='ltr'><em>πνεῦμα</em></span> <span class='ocrx_word' id='word_1_289' title='bbox 1603 4169 1783 4234; x_wconf 75' lang='lat' dir='ltr'><strong><em>(PrOV.</em></strong></span> <span class='ocrx_word' id='word_1_290' title='bbox 1814 4169 1972 4237; x_wconf 87' lang='lat' dir='ltr'>VIII,</span> <span class='ocrx_word' id='word_1_291' title='bbox 2000 4171 2106 4234; x_wconf 82' lang='lat'><strong><em>22).</em></strong></span> <span class='ocrx_word' id='word_1_292' title='bbox 2152 4186 2196 4225; x_wconf 81' lang='lat' dir='ltr'><strong><em>c,</em></strong></span> <span class='ocrx_word' id='word_1_293' title='bbox 2225 4172 2316 4238; x_wconf 88' lang='lat'><strong><em>18,</em></strong></span> <span class='ocrx_word' id='word_1_294' title='bbox 2366 4187 2419 4238; x_wconf 89' lang='lat' dir='ltr'><strong><em>p.</em></strong></span> <span class='ocrx_word' id='word_1_295' title='bbox 2446 4172 2539 4223; x_wconf 86' lang='lat'><strong><em>84:</em></strong></span> <span class='ocrx_word' id='word_1_296' title='bbox 2590 4170 2735 4240; x_wconf 83' lang='grc' dir='ltr'><em>φησὶ</em></span> <span class='ocrx_word' id='word_1_297' title='bbox 2768 4163 2830 4222; x_wconf 83' lang='grc' dir='ltr'><em>τὸ</em></span> 
     </span>
     <span class='ocr_line' id='line_1_34' title="bbox 518 4250 2826 4329; baseline -0.002 -18"><span class='ocrx_word' id='word_1_298' title='bbox 518 4250 870 4326; x_wconf 84' lang='grc' dir='ltr'><em>προφητικὸν</em></span> <span class='ocrx_word' id='word_1_299' title='bbox 905 4260 1123 4329; x_wconf 75' lang='grc' dir='ltr'><em>πνεῦμα</em></span> <span class='ocrx_word' id='word_1_300' title='bbox 1170 4256 1346 4322; x_wconf 83' lang='lat' dir='ltr'><strong><em>(Prov.</em></strong></span> <span class='ocrx_word' id='word_1_301' title='bbox 1382 4254 1537 4321; x_wconf 89' lang='lat' dir='ltr'><strong><em>XXI,</em></strong></span> <span class='ocrx_word' id='word_1_302' title='bbox 1577 4257 1647 4320; x_wconf 88' lang='lat'><strong><em>1).</em></strong></span> <span class='ocrx_word' id='word_1_303' title='bbox 1720 4259 1807 4309; x_wconf 85' lang='lat' dir='ltr'><strong><em>Ad</em></strong></span> <span class='ocrx_word' id='word_1_304' title='bbox 1846 4258 2016 4310; x_wconf 82' lang='lat' dir='ltr'><strong><em>Autol.</em></strong></span> <span class='ocrx_word' id='word_1_305' title='bbox 2042 4255 2120 4323; x_wconf 92' lang='lat' dir='ltr'><strong><em>II,</em></strong></span> <span class='ocrx_word' id='word_1_306' title='bbox 2150 4256 2239 4322; x_wconf 84' lang='lat'><strong><em>38,</em></strong></span> <span class='ocrx_word' id='word_1_307' title='bbox 2286 4272 2338 4325; x_wconf 89' lang='lat' dir='ltr'><strong><em>p.</em></strong></span> <span class='ocrx_word' id='word_1_308' title='bbox 2366 4256 2494 4309; x_wconf 86' lang='lat'>182:</span> <span class='ocrx_word' id='word_1_309' title='bbox 2554 4256 2669 4308; x_wconf 80' lang='grc' dir='ltr'><em>Καὶ</em></span> <span class='ocrx_word' id='word_1_310' title='bbox 2716 4255 2826 4309; x_wconf 84' lang='grc' dir='ltr'><strong><em>τῶν</em></strong></span> 
     </span>
     <span class='ocr_line' id='line_1_35' title="bbox 513 4334 2602 4418; baseline 0 -22"><span class='ocrx_word' id='word_1_311' title='bbox 513 4340 624 4418; x_wconf 80' lang='grc' dir='ltr'><em>μὲν</em></span> <span class='ocrx_word' id='word_1_312' title='bbox 658 4344 962 4414; x_wconf 85' lang='grc' dir='ltr'><em>προφητῶν</em></span> <span class='ocrx_word' id='word_1_313' title='bbox 1000 4340 1268 4417; x_wconf 81' lang='grc' dir='ltr'><em>Σολομῶν</em></span> <span class='ocrx_word' id='word_1_314' title='bbox 1300 4341 1433 4412; x_wconf 78' lang='grc' dir='ltr'><em>περὶ</em></span> <span class='ocrx_word' id='word_1_315' title='bbox 1465 4342 1579 4393; x_wconf 84' lang='grc' dir='ltr'><strong><em>τῶν</em></strong></span> <span class='ocrx_word' id='word_1_316' title='bbox 1611 4334 1965 4410; x_wconf 85' lang='grc' dir='ltr'><em>τεθνηκότων</em></span> <span class='ocrx_word' id='word_1_317' title='bbox 2000 4335 2161 4395; x_wconf 79' lang='grc' dir='ltr'><em>εἶπεν</em></span> <span class='ocrx_word' id='word_1_318' title='bbox 2195 4341 2371 4407; x_wconf 82' lang='lat' dir='ltr'><strong><em>(Prov.</em></strong></span> <span class='ocrx_word' id='word_1_319' title='bbox 2402 4341 2500 4409; x_wconf 94' lang='lat' dir='ltr'><strong><em>III,</em></strong></span> <span class='ocrx_word' id='word_1_320' title='bbox 2528 4343 2602 4409; x_wconf 88' lang='lat'><strong><em>8).</em></strong></span> 
     </span>
    </p>
   </div>
   <div class='ocr_carea' id='block_1_5' title="bbox 3236 1187 3248 2488">
    <p class='ocr_par' dir='ltr' id='par_1_5' title="bbox 3236 1187 3248 2488">
     <span class='ocr_line' id='line_1_36' title="bbox 3236 1187 3248 2488; baseline 0 0"><span class='ocrx_word' id='word_1_321' title='bbox 3236 1187 3248 2488; x_wconf 95' lang='lat' dir='ltr'><strong><em> </em></strong></span> 
     </span>
    </p>
   </div>
  </div>
 </body>
</html>
