3264 5076
1627 407 1671 479 2

475 629 643 695 inter
689 627 1066 696 Seleucidas
1113 635 1177 695 et
1222 631 1654 698 Maccabaeos
1701 639 1843 698 orta
1888 652 2202 698 canonem
2251 647 2480 713 corpus
2526 627 2726 694 fuisse
2758 647 2795 693 e

479 759 682 818 πῆἾι-ἱ,
724 761 957 816 nixam,
985 761 1228 816 0³:53³:
1279 751 1751 834 compositum.¹
1850 752 2077 834 Neque
2120 770 2276 817 vero
2331 768 2648 831 negamus
2696 768 2796 812 ca-

481 888 716 936 nonem
744 869 998 936 Veteris
1043 870 1443 934 Testamenti
1489 869 1651 935 sicut
1694 877 1926 955 postea
1970 868 2137 935 Novi
2186 866 2296 933 diu
2334 861 2798 952 α’ντιλεγόμενα

484 986 809 1071 quaedam
856 987 1269 1054 continuisse.
1346 989 1554 1067 Quum
1599 990 1791 1074 enim,
1837 1009 1919 1055 ne
1967 989 2335 1074 Scripturae
2383 1006 2611 1052 sacrae
2655 1007 2797 1071 pro-

484 1108 884 1186 fanarentur,
942 1108 1455 1195 constitueretur,
1508 1108 1828 1192 inquinari
1887 1110 1967 1175 iis
2015 1126 2275 1194 manus,
2333 1106 2627 1188 quaestio
2692 1125 2799 1170 ex-

484 1228 672 1311 stitit,
727 1232 937 1291 utrum
981 1227 1416 1294 Ecclesiastes
1463 1235 1529 1295 et
1572 1229 1904 1296 Canticum
1962 1227 2372 1295 Canticorum
2426 1246 2653 1291 manus
2705 1225 2799 1289 in-

484 1346 829 1431 quinarent
870 1345 932 1411 h.
967 1366 1022 1413 e.
1067 1353 1272 1412 utrum
1315 1346 1382 1412 hi
1425 1349 1572 1415 libri
1615 1349 1682 1414 in
1727 1349 2108 1436 scriptorum
2156 1366 2484 1412 sacrorum
2529 1364 2794 1411 numero

484 1464 773 1532 habendi
817 1466 1093 1531 essent.²
1189 1468 1404 1533 Etiam
1437 1474 1643 1532 utrum
1689 1467 1852 1535 liber
1895 1467 2282 1552 Ezechielis,
2337 1466 2517 1550 cujus
2570 1464 2798 1530 ultima

486 1585 706 1671 capita
763 1585 1178 1652 multifariam
1233 1607 1276 1652 a
1329 1586 1549 1653 'Phora
1610 1586 2009 1673 discrepant,
2075 1583 2572 1653 abscondendus
2632 1582 2793 1670 (m)

480 1706 544 1771 h.
576 1725 632 1771 e.
667 1705 1091 1790 praelectioni
1134 1705 1430 1792 publicae
1477 1704 1913 1773 detrahendus
1949 1712 2128 1773 esset
2158 1726 2391 1790 necne,
2424 1706 2494 1770 in
2521 1704 2800 1772 Judaeo-

484 1847 622 1894 rum
659 1826 898 1891 scholis
944 1824 1409 1911 disputabatur.
1500 1824 1835 1892 Siracidae
1881 1845 2133 1910 quoque
2179 1825 2407 1890 librum
2454 1824 2797 1909 Scripturis

483 1948 685 2014 sacris
731 1924 862 2011 non
906 1965 1054 2013 esse
1100 1946 1651 2013 annumerandum
1696 1946 2008 2031 paulatim
2048 1951 2295 2011 tantum
2324 1944 2648 2029 convenit3
2698 1965 2797 2011 co-

485 2066 615 2132 dex
660 2066 830 2133 enim
871 2063 1253 2132 talmudicus
1282 2065 1614 2131 enuntiata
1646 2066 1816 2132 illius
1847 2066 1990 2131 libri
2017 2066 2207 2150 quasi
2239 2086 2320 2131 ex
2349 2062 2797 2150 hagiographo

488 2183 766 2270 quodam
826 2184 1123 2250 desumta
1188 2185 1450 2268 allegat.
1472 2188 1497 2228 ³
1590 2187 1731 2251 Has
1785 2205 1938 2252 vero
2000 2191 2066 2253 et
2125 2185 2290 2251 alias
2358 2184 2796 2269 quaestiones,

483 2305 662 2373 velut
705 2324 828 2388 quo
873 2310 1162 2390 tempore
1210 2326 1415 2372 canon
1444 2305 1699 2372 Veteris
1735 2302 2139 2372 Testamenti
2185 2304 2441 2369 clausus
2487 2304 2570 2369 sit
2601 2308 2793 2386 atque

485 2431 691 2490 utrum
721 2423 1225 2490 Hellenistarum
1272 2444 1480 2490 canon
1524 2445 1566 2489 a
1611 2443 1860 2490 canone
1889 2422 2468 2489 Palaestinensium
2508 2421 2799 2489 diversus

485 2544 674 2611 fuerit
691 2544 745 2627 ⁴¹,
797 2544 1155 2610 accuratius
1206 2545 1623 2628 inquirendas
1671 2542 2052 2629 disciplinae
2096 2543 2473 2627 isagogicas
2520 2542 2799 2609 commit·

629 2732 648 2772 ¹
706 2730 814 2784 Csr.
839 2733 1236 2795 Fuerstium,
1274 2733 1382 2784 Der
1409 2732 1602 2785 Kanou
1638 2736 1731 2787 des
1765 2735 1902 2787 allen
1936 2734 2284 2786 Testamentes
2310 2733 2446 2785 nach
2471 2735 2572 2785 den
2608 2729 2794 2785 Ueber-

486 2818 805 2887 liqferunyen
841 2819 898 2869 in
943 2817 1168 2870 Talmud
1201 2820 1311 2871 und
1347 2818 1644 2871 Midrasch.
1699 2819 1842 2871 1867.

625 2904 650 2942 2
706 2902 814 2956 cfr.
850 2902 1197 2956 Franciscum
1238 2903 1395 2955 Deli
1410 2903 1743 2964 archium,
1787 2904 2152 2958 Talmudische
2185 2904 2419 2956 Studien.
2494 2901 2798 2970 Zeicschnfl

471 2989 580 3057 fiir
615 2990 699 3042 die
733 2998 1008 3056 yesammte
1042 2988 1346 3040 lutherische
1389 2987 1663 3056 Theoloyie
1697 2991 1807 3041 und
1842 2989 2051 3042 Kirche.
2105 2989 2255 3043 1854.
2289 3003 2344 3055 p.
2365 2988 2651 3040 280—283.

628 3075 651 3112 3
716 3070 854 3125 Vide
905 3070 973 3125 de
1016 3070 1121 3125 hae
1164 3088 1224 3125 re
1271 3052 1609 3136 Ζαῖικίυηι,
1662 3069 2138 3127 Goltesdieustliche
2195 3074 2438 3143 Vortriz’ye
2491 3077 2583 3127 der
2628 3072 2800 3126 Juden

485 3175 539 3227 p.
564 3159 657 3210 101
683 3174 762 3225 sq.

632 3244 657 3284 ⁴
699 3243 822 3297 Hac
857 3240 924 3296 de
961 3258 1022 3297 re
1047 3240 1349 3310 disceptatu
1373 3240 1688 3296 difficillima
1711 3241 1850 3296 haec
1872 3247 2079 3296 tantum
2101 3259 2321 3298 monere
2350 3243 2528 3311 juvat:
2570 3245 2627 3307 α)
2650 3244 2796 3297 Phi-

490 3334 682 3384 lonem
726 3327 1056 3396 tripartitum
1100 3327 1360 3380 librorum
1405 3342 1682 3382 sacrorum
1727 3343 1920 3395 corpus
1968 3328 2183 3383 novisse
2226 3328 2352 3382 libri
2398 3327 2466 3383 de
2515 3329 2627 3381 vita
2674 3344 2795 3381 con·

493 3414 810 3483 templativa
845 3412 964 3466 loco
999 3412 1109 3478 illo,
1148 3412 1241 3480 qui
1275 3407 1472 3484 νόμους
1494 3413 1588 3465 καὶ
1614 3411 1777 3481 λόγια
1812 3412 2208 3466 θεσπισθέντα
2246 3411 2342 3466 διὰ
2377 3414 2680 3483 προφητῶν
2704 3413 2798 3466 καὶ

493 3498 694 3571 ὕμνους
717 3498 812 3552 καὶ
834 3493 898 3551 τὰ
926 3495 1087 3561 ἄλλα,
1124 3489 1208 3555 οἷς
1233 3493 1507 3570 ἐπιστήμη
1531 3495 1627 3551 καί
1653 3495 1905 3567 εὐσέβεια
1929 3495 2296 3555 συναύξονται
2330 3500 2426 3552 καὶ
2461 3501 2797 3553 τελειοῦνται

490 3588 872 3638 commemorat
895 3582 981 3647 (Τ.
1010 3581 1076 3649 11,
1114 3598 1167 3651 p.
1188 3586 1287 3636 475
1316 3582 1397 3639 ed.
1425 3584 1699 3652 Mangey)‚
1731 3590 1879 3638 certo
1905 3583 2179 3638 evincitur.
2241 3587 2294 3648 b)
2312 3585 2638 3655 Josephus
2670 3584 2797 3637 Hie-

489 3668 771 3738 rosolymis
806 3667 1022 3737 quidem
1044 3675 1218 3735 natus,
1258 3668 1555 3723 eruditione
1580 3686 1708 3724 vcro
1736 3670 1991 3735 Graecus,
2017 3669 2205 3737 viginti
2230 3668 2363 3723 duos
2388 3674 2595 3723 tantum
2627 3669 2796 3723 libros

491 3754 762 3823 agnoscit,
798 3754 855 3807 in
889 3755 1060 3823 primo
1098 3770 1282 3809 eorum
1319 3754 1504 3809 ordine
1541 3756 1777 3824 quinque
1811 3755 1980 3809 Mosis
2016 3755 2219 3823 scripta
2254 3755 2551 3822 collocans,
2604 3753 2639 3806 ἃ
2676 3751 2800 3826 τούς

489 3857 549 3892 τε
573 3836 772 3911 νόμους
809 3838 1061 3910 περιέχει
1093 3839 1188 3892 καὶ
1219 3836 1318 3909 τὴν
1338 3842 1436 3910 τῆς
1469 3835 1939 3910 ἆνθρωπογονίας
1971 3835 2291 3911 παράδοσιν
2307 3839 2479 3911 μέχρι
2514 3844 2609 3911 τῆς
2634 3837 2797 3894 αἰτοῦ

493 3925 744 3993 τελευτῆς
755 3944 773 3990 ,·
807 3924 861 3978 in
898 3924 1133 3979 secundo
1170 3925 1429 3980 tredecim
1464 3926 1629 3979 libros
1665 3926 2011 3981 historiarum
2038 3934 2094 3980 et
2116 3926 2487 3981 vaticiniorum
2512 3942 2545 3979 a
2567 3926 2800 3995 prophe-

490 4009 560 4063 tis
598 4009 957 4078 conscriptos;
1001 4009 1057 4062 in
1092 4010 1254 4065 tertio
1291 4016 1522 4079 quatuor
1556 4011 1723 4066 libros
1759 4011 1985 4081 hymnos
2022 4016 2079 4065 et
2111 4016 2408 4080 praecepta
2446 4012 2799 4079 continentes,

493 4092 561 4148 de
604 4094 799 4162 quibus
834 4094 1013 4149 verbis
1058 4095 1179 4149 loco
1215 4095 1474 4150 Philoneo
1520 4096 1803 4151 simillimis
1847 4097 1924 4151 ita
1969 4094 2121 4150 dicit:
2171 4094 2375 4167 ὕμνους
2416 4094 2497 4154 εἰς
2530 4092 2627 4149 τὸν
2659 4094 2802 4150 θεὸν

489 4180 585 4232 καὶ
608 4183 722 4236 τοῖς
748 4176 1070 4250 ἀνθρώποις
1094 4178 1383 4251 ὗπυθήκας
1412 4184 1505 4234 τοῦ
1539 4184 1660 4252 βίου
1687 4181 2048 4252 περιέχουσιν
2074 4189 2141 4244 (ο.
2165 4182 2271 4249 Ap.
2291 4181 2333 4247 Ι,
2352 4183 2402 4236 8.
2439 4180 2501 4236 T.
2520 4181 2590 4249 H,
2627 4198 2680 4250 p.
2698 4184 2797 4235 441

494 4263 577 4319 ed.
613 4263 1010 4334 Havercamp.).
1072 4265 1145 4319 Hi
1177 4266 1365 4335 viginti
1409 4266 1515 4321 duo
1548 4267 1674 4320 libri
1708 4282 1816 4321 non
1852 4266 1945 4322 alii
1979 4271 2104 4320 sunt
2156 4266 2260 4320 nisi
2295 4265 2359 4334 ii,
2407 4266 2500 4334 qui
2535 4282 2570 4320 a
2605 4266 2799 4321 Palae-

487 4348 814 4409 stinensibus
848 4366 1059 4427 quoque
1096 4351 1340 4412 canonici
1373 4350 1733 4424 habebantur,
1782 4368 1902 4406 cum
1937 4352 2286 4431 partitionem
2318 4352 2531 4407 solitam
2566 4367 2798 4431 sequens
