3264 5076
1145 1250 1526 1348 PARS
1606 1250 2115 1346 PRIOR.

472 1487 750 1573 QUID
827 1489 1246 1570 PATRES
1316 1488 1956 1570 APOSTOLICI
2033 1489 2172 1568 ET
2245 1488 2786 1569 APOLOGE·

424 1643 692 1722 ·TAE
750 1643 1297 1723 ALTERIUS
1354 1642 1620 1722 POST
1677 1641 2244 1722 (JHRlSTUM
2322 1641 2782 1722 SAECULI

468 1797 619 1877 DE
678 1797 1267 1878 LIBRORUM
1324 1796 1807 1875 VETEMS
1871 1796 2575 1877 TESTAMENTI
2639 1795 2783 1875 IN·

802 2024 808 2031 .
903 1950 1569 2031 SPIRATIONE
1625 1949 2344 2030 STATUERINT.

751 2250 818 2317 Ι.
888 2250 1234 2318 Patrum
1288 2248 1929 2330 apostolicorum
1982 2240 2489 2332 sententiae.¹

638 2449 868 2513 Patres
924 2447 1314 2532 apostolicos
1371 2446 1762 2531 Scripturam
1815 2445 2066 2511 Veteris
2125 2445 2556 2528 Testamenti,
2613 2463 2781 2527 quae

471 2567 553 2632 ab
608 2567 787 2633 initio
840 2568 909 2632 in
955 2568 1158 2632 sacris
1215 2566 1702 2632 christianorum
1758 2540 2043 2632 coetibus
2088 2566 2592 2651 praelegebatur
2639 2562 2779 2650 (cfr.

467 2687 499 2750 I
531 2687 696 2750 Tim.
728 2686 817 2751 IV
853 2688 975 2772 13),
1031 2687 1310 2753 maximo
1368 2687 1611 2753 honorc
1675 2687 2084 2770 maximaque
2150 2685 2393 2770 pietate
2453 2691 2784 2767 tamquam

472 2812 955 2872 sacrosanctum
1000 2806 1291 2872 veritatis
1332 2805 1592 2872 divinae
1648 2806 1934 2871 codicem
1993 2812 2371 2890 prosecutos
2416 2824 2592 2887 esse,
2638 2803 2784 2867 libri

473 2946 690 2991 eorum
730 2924 1192 2991 demonstrant.
1253 2926 1572 3010 Imprimis
1605 2925 1907 2991 Clemens
1939 2926 2266 2991 Romanus
2305 2931 2368 2990 et
2400 2930 2620 2990 auctor
2653 2924 2795 3008 epi--

475 3045 683 3111 stolae
730 3064 898 3127 quae
943 3045 1170 3111 dicitur
1211 3046 1560 3111 Barnabae
1605 3045 1990 3130 saepissime
2035 3045 2214 3111 locos
2260 3044 2512 3110 Veteris
2559 3046 2786 3110 Testa-

472 3164 672 3229 menti
696 3164 981 3230 formulis
1005 3165 1378 3249 γέγραπται,
1410 3159 1643 3251 λέγειῆ
1680 3160 1915 3251 γραφή,
1947 3165 2117 3249 λέγει
2147 3160 2224 3229 τὸ
2253 3177 2587 3249 γραφεῖον,
2624 3164 2784 3248 φησὶ

470 3276 508 3349 ὁ
544 3277 726 3366 ἅγιος
770 3279 980 3368 λόγος,
1026 3284 1194 3380 λέγει
1236 3279 1314 3349 τὸ
1359 3286 1612 3368 πνεῦμα
1656 3281 1735 3352 τὸ
1770 3279 1957 3371 ἅγιον
1991 3284 2279 3369 allegant
2318 3291 2385 3349 et
2431 3304 2512 3349 cx
2543 3283 2779 3348 Vetere

468 3403 866 3488 potissimum
906 3407 1323 3471 Testamento
1370 3404 1700 3471 doctrinae
1748 3404 2135 3471 christianae
2182 3409 2565 3488 argumenta
2602 3422 2784 3487 repe-

468 3528 626 3588 tunt.
716 3527 988 3593 Clemens
1039 3528 1366 3606 Romanw,
1431 3526 1537 3608 qui
1590 3525 1870 3590 omnium
1925 3526 2227 3591 librorum
2284 3543 2610 3591 sacrorum
2673 3543 2780 3588 au-

470 3648 676 3710 ctores
729 3642 1074 3731 προφήτας
1117 3644 1176 3711 h.
1217 3664 1271 3711 e.
1318 3645 1613 3712 homines
1669 3644 1969 3723 divinitus
2026 3645 2375 3730 inspiratos
2421 3643 2772 3727 nominat‚2

470 3782 878 3791 ᾕ--ῲῌ-

609 3867 627 3906 1
675 3866 893 3919 Patrum
920 3867 1336 3936 apostolicorum
1367 3884 1537 3937 opera
1560 3869 1858 3936 allegantes
1884 3866 2160 3934 sequimur
2195 3865 2483 3920 editionem
2514 3867 2779 3920 Dresse·

471 3955 712 4005 lionam
746 3951 970 4005 alteram
995 3954 1193 4020 (1863).
1250 3954 1359 4008 Sed
1386 3955 1546 4008 etiam
1572 3954 1797 4021 paginas
1825 3951 2074 4006 editionis
2113 3954 2174 4005 H
2179 3971 2203 4004 e
2196 3952 2251 4021 f
2250 3955 2513 4006 elianae
2549 3956 2776 4018 quartae

468 4039 650 4100 (1855)
691 4042 746 4090 et
789 4036 926 4090 Novi
973 4036 1309 4094 Testamenti
1355 4045 1510 4093 extra
1555 4055 1814 4092 canonem
1858 4037 2067 4107 recepti
2104 4052 2137 4090 a
2177 4039 2289 4091 Hil
2298 4036 2462 4107 qens
2461 4039 2519 4090 el
2529 4040 2565 4089 d
2575 4056 2603 4090 ο
2651 4034 2782 4089 editi

470 4124 669 4188 (1866),
706 4122 859 4191 cujus
894 4127 1006 4177 tres
1041 4124 1251 4192 priores
1275 4124 1519 4179 fasciculi
1557 4124 1814 4192 epistolas
1841 4123 2132 4178 Clementis
2157 4123 2385 4177 Romani
2412 4128 2467 4177 et
2490 4120 2779 4175 Barnabae

468 4212 634 4275 atque
671 4208 952 4262 Pastorem
987 4209 1222 4263 Hermae
1261 4210 1561 4276 continent,
1600 4225 1949 4277 apponemus.

609 4296 631 4333 ²
677 4294 702 4346 I
728 4294 840 4348 Gor.
856 4294 1053 4359 XLIII,
1081 4311 1132 4362 p.
1146 4296 1214 4347 88
1241 4294 1481 4357 (ed.Hef.
1509 4311 1560 4363 p.
1579 4297 1675 4347 110
1710 4293 1968 4362 ed.Hilgf.
1995 4295 2037 4361 Ι,
2064 4297 2246 4362 ρΑὸμ
2286 4294 2536 4363 Μωῖνσῆς
2561 4289 2627 4346 τὰ
2660 4293 2779 4345 δια-

469 4375 776 4457 τεταγμένα
824 4376 969 4460 αὖτῷ
1018 4376 1197 4438 πάντα
1242 4375 1621 4459 ἑσημειοὲσαῑο
1671 4374 1734 4438 ἐν
1776 4384 1898 4444 ταῖς
1943 4382 2123 4456 ἱεραῖς
2163 4380 2392 4455 βίβλοις,
2442 4371 2483 4461 ᾧ
2521 4380 2616 4432 καὶ
2654 4375 2783 4455 ἕπη-
