3264 5076
20 2502 48 2634 “RN

1561 336 1647 408 95

611 562 929 628 Justinum
977 561 1306 648 excipiant
1350 563 1666 628 Tatianus
1713 567 1779 628 et
1821 561 2295 647 Athenagoras,
2341 561 2448 645 qui
2481 562 2754 646 Scriptu⁴

439 702 579 747 ram
641 682 808 748 Novi
875 683 1280 747 Testamenti
1352 681 1680 747 rarissime
1755 680 2080 747 adhibent.
2189 684 2480 749 'tatianus
2552 681 2755 747 semel

439 803 626 868 Joan.
660 802 709 885 Ι,
740 806 776 865 5
809 800 1184 886 praemissis
1223 801 1436 867 verbis
1481 802 1593 866 καὶ
1631 796 1830 866 τοῦτό
1870 799 2006 866 ἐστι
2049 796 2127 865 τὸ
2166 800 2505 887 εἰρημένον
2540 799 2624 885 (e.
2659 805 2754 887 13,

439 943 502 1007 p.
536 920 678 1006 60),
734 920 938 988 semel
991 901 1180 987 Joen.
1218 922 1280 1007 Ι,
1322 925 1360 985 3
1423 920 1565 987 sine
1619 920 1891 986 solemni
1934 920 2207 987 formula
2261 917 2344 1006 (e.
2379 923 2485 1002 19,
2543 942 2605 1005 p.
2638 918 2750 1007 88)

445 1041 645 1108 affert.
736 1041 1156 1107 Memorabile
1204 1047 1331 1125 est,
1377 1040 1758 1126 discipulum
1803 1038 1974 1106 illius
2020 1041 2276 1124 Justini,
2325 1040 2424 1106 eui
2471 1061 2750 1124 evange-

440 1160 591 1226 lium
632 1161 674 1225 J
677 1158 908 1226 oannis
960 1166 1178 1225 notum
1232 1160 1429 1226 fuisse
1485 1160 1683 1226 eritiei
1737 1159 1997 1244 quidam
2052 1167 2324 1244 negant,
2382 1159 2542 1226 duos
2588 1160 2755 1228 Novi
2818 1168 2823 1177 '

440 1277 837 1346 Testamenti
882 1278 1086 1364 locos,
1134 1300 1292 1363 quos
1337 1280 1510 1346 solos
1554 1279 1809 1364 laudat,
1858 1300 1894 1345 e
1939 1281 2210 1346 Joannis
2258 1281 2602 1362 evangelio
2650 1279 2757 1345 de·

442 1400 770 1466 sumsisse.
862 1399 1076 1466 Verba
1119 1400 1230 1464 καὶ
1272 1398 1470 1465 τοῦτό
1515 1398 1651 1466 ἐστι
1694 1394 1770 1466 τὸ
1815 1399 2155 1486 εἰρημένον
2187 1399 2558 1483 ostendunt,
2607 1419 2751 1464 eum

441 1518 851 1604 evangelium
904 1518 1179 1585 Joannis
1233 1541 1350 1604 pro
1404 1526 1588 1605 parte
1646 1520 2013 1603 Scripturae
2079 1538 2308 1584 sacrae
2367 1518 2739 1585 habuisse.¹

438 1639 566 1707 Sed
614 1640 847 1706 ceteris
894 1658 1144 1722 quoque
1191 1640 1550 1723 evangeliis
1596 1639 1867 1705 eundem
1915 1637 2226 1704 honorem
2255 1639 2491 1706 tribuit.
2569 1643 2752 1702 Cred-

434 1781 617 1825 nerus
640 1761 665 1800 ²
726 1758 986 1844 quidem
1039 1760 1312 1845 probare
1370 1764 1636 1825 conatus
1683 1766 1812 1844 est,
1866 1760 2060 1825 etiam
2124 1765 2517 1824 Diatessaron
2570 1756 2747 1841 illud,

437 1879 603 1964 quod
648 1879 960 1946 Eusebius
983 1880 1034 1962 3,
1092 1877 1566 1964 Epiphanius4‚
1621 1878 2067 1945 Theodoretus
2087 1882 2136 1965 ⁵,
2190 1879 2539 1966 Dionysius
2595 1879 2748 1943 Bar-

438 2001 641 2067 Salibi
696 2000 905 2085 (mort.
953 2020 1052 2064 ao.
1106 1996 1335 2082 1171)6
1396 1998 1676 2063 Tatiano
1744 2000 2112 2084 assignant,
2166 1999 2516 2073 Petrinum
2552 2018 2748 2064 evan-

432 2121 670 2204 gelium
718 2120 943 2204 fuisse,
987 2118 1369 2206 praesertim
1416 2138 1605 2201 quum
1653 2123 2033 2198 Epiphanius
2076 2118 2170 2185 ita·
2216 2118 2298 2185 de
2345 2140 2422 2185 eo
2470 2118 2737 2185 scribat:

431 2240 682 2329 λέγεται
727 2239 798 2304 δὲ
839 2235 918 2304 τὸ
965 2235 1072 2304 διὰ
1114 2233 1449 2322 τεσσάρων
1494 2231 1870 2323 εὐαγγέλιον
1922 2231 2034 2304 ὑπ’
2076 2234 2279 2304 αὐτοῦ
2333 2241 2740 2325 γεγενῆσθαι,

436 2352 624 2441 ὅπερ
669 2351 859 2424 καθ’
890 2353 1290 2443 Ἑβραίους
1332 2358 1541 2435 τινὲς
1585 2360 1982 2424 καλοῦσιν.
2072 2360 2156 2425 At
2200 2360 2470 2444 primum
2501 2377 2741 2424 nomen

436 2479 645 2566 ipsum
699 2474 777 2544 τὸ
835 2475 942 2543 διὰ
1004 2474 1341 2563 τεσσάρων
1383 2471 1761 2564 εὐαγγέλιον
1802 2477 2038 2546 refellit
2078 2480 2272 2545 istam
2319 2478 2740 2563 sententiam3

431 2620 619 2684 porro
651 2597 1002 2684 Epiphanii
1035 2599 1239 2665 verba
1266 2597 1391 2664 hoe
1424 2606 1671 2664 tantum
1707 2598 1956 2684 docent,
2005 2601 2431 2666 Diatessaron
2461 2597 2744 2680 Tatiani,

432 2720 667 2805 quippe
722 2719 789 2784 in
835 2719 1224 2803 quo‘largus
1271 2719 1597 2804 evangelii
1642 2720 2084 2787 Hebraeorum
2129 2741 2281 2786 usus
2328 2723 2746 2805 compareret,

436 2858 575 2903 eum
619 2836 741 2904 hoe
784 2838 927 2924 ipso
976 2859 1017 2903 a
1061 2839 1443 2922 quibusdam
1471 2858 1617 2906 esse
1657 2847 2139 2927 commutatun13
2178 2847 2506 2934 postremo
2554 2837 2750 2906 Cred-

433 2978 588 3023 ne1·o
642 2978 774 3024 non
834 2959 1095 3043 contigit
1136 2959 1533 3025 labefaetare
1574 2957 1697 3025 hoe
1741 2964 2018 3041 Dionysii
2060 2961 2524 3027 testimonium:
2582 2960 2748 3035 „Ta-

428 3077 664 3164 tianus,
707 3082 749 3142 J
752 3076 944 3144 ustini
987 3078 1289 3163 Martyris
1349 3070 1426 3145 a‘c
1469 3078 1851 3166 Philosophi
1907 3080 2284 3166 discipulus,
2339 3100 2422 3147 ex
2478 3084 2745 3163 quatuor

571 3354 588 3394 1
643 3353 1000 3408 Grednerus
1038 3357 1301 3425 (Beitrcz’qe
1333 3354 1375 3421 1,
1413 3372 1466 3424 p.
1492 3356 1581 3419 48)
1618 3354 1723 3407 hoc
1757 3360 1961 3409 temere
1996 3353 2227 3422 negavit.
2299 3352 2518 3407 Tatiani
2561 3355 2743 3405 aetate

429 3439 715 3507 evangeliis
760 3437 989 3492 divinam
1034 3440 1410 3493 auctoritatem
1456 3439 1711 3494 tributam
1763 3432 1882 3495 esse
1941 3439 2103 3494 etiam
2159 3438 2337 3493 altera
2388 3438 2741 3492 Clementis

430 3527 699 3580 Roman-i
738 3523 981 3593 epistola,
1022 3540 1163 3592 quae
1187 3530 1368 3579 aetate
1391 3526 1566 3579 Marci
1590 3526 1798 3579 Aurelii
1835 3531 1953 3579 orta
1979 3528 2061 3578 est
2086 3524 2201 3590 (cfr.
2222 3526 2280 3577 H
2286 3523 2506 3594 ilqens
2506 3526 2740 3584 aldum,

425 3612 527 3665 Die
571 3614 949 3680 apostolischen
998 3612 1147 3666 ther
1190 3628 1242 3680 p.
1275 3614 1369 3664 115
1405 3616 1569 3680 sqq.)‚
1618 3611 1779 3666 nobis
1825 3610 2170 3665 demonstrat.
2253 3609 2334 3662 Ibi
2380 3608 2521 3662 enim
2568 3605 2744 3661 effatis

429 3695 625 3750 Christi
669 3696 821 3764 (Lue.
847 3697 1000 3764 XVI,
1031 3700 1094 3750 10
1120 3713 1198 3766 sq.
1245 3696 1436 3751 Matth.
1463 3697 1568 3764 IX,
1603 3700 1684 3760 13)
1725 3712 1842 3766 cap.
1872 3695 2003 3749 VIII
2046 3696 2277 3750 formula
2312 3693 2466 3764 λέγει
2502 3688 2614 3763 γὰρ
2650 3686 2740 3744 κὺ-

427 3799 543 3850 ptos·
591 3778 653 3834 ἐν
697 3779 1005 3856 εὐαγγελίῳ
1052 3787 1107 3836 et
1149 3799 1267 3851 cap.
1307 3784 1359 3836 Π
1405 3783 1638 3838 formula
1683 3783 1777 3835 καὶ
1823 3779 1984 3850 ἑτέρα
2037 3780 2099 3835 δὲ
2146 3774 2337 3852 γραφὴ
2383 3778 2536 3851 λέγει
2579 3793 2739 3849 prae·

423 3866 665 3922 mittitur.

563 3957 584 3994 2
630 3955 875 4023 Beicraqe
909 3953 952 4018 Ι,
989 3967 1041 4021 p.
1069 3956 1355 4008 437-451.

558 4039 583 4080 3
626 4040 698 4092 Η.
723 4057 765 4092 e.
791 4036 885 4104 IV,
912 4039 992 4091 29.

557 4126 580 4164 4
628 4126 792 4178 Haer.
817 4122 1008 4191 XLVI,
1043 4127 1089 4181 1.

558 4211 581 4250 5
623 4211 812 4264 Fabul.
837 4211 1021 4265 haeret.
1043 4210 1087 4274 I,
1112 4213 1196 4266 20.

563 4297 587 4336 ὅ
629 4297 769 4350 Bibl.
815 4298 995 4364 oriem,
1033 4295 1094 4350 T.
1121 4296 1191 4362 ΙΙ,
1228 4300 1422 4379 21⁵8,

20 4781 872 5076 Ιῌῄᾲ
