3264 5076
1488 400 1796 503 *22-

472 654 514 699 a
566 634 710 699 Deo
766 629 1056 716 profecta
1109 629 1210 694 sit.
1316 629 1613 696 Ceterum
1671 628 1737 692 hi
1792 627 1918 693 loci
1971 626 2053 693 de
2104 624 2489 712 prophetica
2541 632 2791 692 tantum

469 753 891 837 inspiratione
946 755 1174 834 agunt3
1238 768 1558 831 quaenam
1602 768 1758 814 vero
1816 748 2005 814 fuerit
2058 746 2331 831 Spiritus
2386 744 2587 810 divini
2646 764 2796 829 ope·

470 872 638 936 ratio
703 872 768 936 in
842 852 988 934 aliis
1053 869 1355 935 librorum
1427 888 1754 935 sacrorum
1830 866 2246 952 scriptoribus
2316 866 2629 931 incertum
2694 883 2790 929 re·

469 991 780 1074 finquunt

586 1104 591 1108 ’
641 1112 887 1193 Restat,
933 1115 1002 1174 ut
1045 1107 1458 1193 inquiramus,
1505 1114 1709 1174 utrum
1758 1106 2035 1192 apostoli
2082 1105 2277 1171 etiam
2325 1105 2567 1189 scripta
2595 1103 2662 1168 in
2694 1123 2795 1167 ca-

468 1249 703 1296 nonem
756 1250 888 1295 non
941 1235 1207 1313 recepta
1259 1227 1622 1309 allegantes
1676 1226 2043 1293 liberiorem
2088 1225 2588 1291 Hellenistarum
2646 1242 2790 1288 sen-

472 1350 743 1416 tentiam
797 1347 879 1415 de
935 1348 1166 1413 finibus
1231 1346 1675 1431 inspirationis
1741 1347 1945 1413 secuti
2007 1347 2154 1411 sint.
2253 1346 2436 1411 Licet
2494 1341 2576 1407 de
2632 1342 2793 1407 locis

472 1471 504 1534 I
535 1469 678 1535 Cor.
707 1470 854 1551 11,9
888 1474 954 1533 et
982 1468 1122 1533 Jac.
1155 1466 1263 1550 IV,
1299 1471 1336 1529 5
1360 1486 1457 1549 sq.
1490 1466 1732 1550 ambigi
1758 1466 1983 1551 possit,
2018 1470 2191 1531 certe
2225 1471 2546 1530 auctorem
2580 1468 2798 1542 episto-

476 1595 573 1652 lae
624 1608 784 1668 quae
834 1592 1059 1652 dicitur
1088 1590 1304 1650 ‘Iudae
1365 1586 1526 1651 libro
1579 1584 1873 1652 Henochi
1932 1592 1998 1651 et
2040 1584 2440 1651 Ascensione
2482 1583 2683 1649 Mosis
2729 1587 2797 1646 ut

479 1707 658 1773 libris
705 1707 909 1772 sacris
957 1727 1139 1772 usum
1189 1725 1336 1772 esse
1384 1703 1864 1772 concedendum
1912 1690 2031 1771 est.
2102 1705 2189 1770 At
2232 1725 2362 1769 non
2410 1708 2527 1786 est,
2576 1723 2684 1767 cur
2714 1721 2791 1766 eo

476 1827 900 1912 offendamur3
947 1847 1098 1891 nam
1145 1826 1417 1911 primum
1465 1831 1686 1890 auctor
1728 1824 1916 1908 hujus
1963 1823 2282 1909 epistolae
2325 1822 2633 1908 apostolis
2665 1841 2795 1886 non

479 1953 578 2012 est
623 1944 1172 2032 annumerandus;
1218 1944 1455 2011 deinde
1519 1945 1774 2010 etiamsi
1827 1943 2089 2029 probari
2140 1949 2391 2029 posset,
2461 1943 2792 2027 apostolos

476 2066 674 2133 libros
737 2064 1050 2150 quosdam
1113 2063 1519 2151 apocryphos
1586 2065 1657 2129 in
1719 2083 1902 2128 nsum
1967 2061 2356 2129 didacticum
2423 2062 2792 2143 contulisse,

477 2193 697 2252 tamen
762 2185 1040 2251 ecclesia
1099 2184 1331 2251 eodem
1383 2185 1531 2269 jure
1576 2184 1746 2249 inter
1790 2184 1988 2248 libros
2036 2184 2380 2248 canonicos
2427 2188 2491 2247 et
2533 2200 2798 2265 apocry-

476 2304 643 2390 phos
676 2303 1085 2390 discerneret,
1127 2324 1252 2388 quo
1293 2302 1534 2387 dogma
1564 2303 1882 2368 ecclesiae
1921 2323 2020 2387 ea,
2066 2322 2233 2384 quae
2268 2301 2598 2386 Scriptura
2629 2320 2793 2364 com-

479 2423 843 2509 prehendit,
887 2423 1235 2490 secundum
1279 2425 1574 2491 notiones
1619 2422 1836 2488 varias
1883 2421 2202 2486 subtiliter
2245 2418 2598 2501 distinguit.

651 2546 941 2611 Vidimus
986 2546 1194 2629 igitur,
1238 2544 1583 2611 Dominum
1631 2543 1897 2627 ejusque
1945 2540 2275 2628 apostolos
2321 2561 2363 2605 a
2393 2540 2630 2624 Spiritu
2661 2540 2793 2623 qui-

481 2665 627 2731 dem
683 2664 1095 2733 revelationis
1156 2663 1497 2748 repetiisse
1543 2662 1844 2728 librorum
1895 2682 2221 2728 sacrorum
2267 2660 2607 2744 originem,
2672 2657 2792 2725 sed

480 2784 635 2850 nihil
696 2784 849 2850 certi
907 2782 1202 2849 docuisse
1258 2782 1340 2848 de
1393 2781 1584 2847 modo
1630 2781 2089 2868 inspirationis.
2180 2778 2313 2846 Sed
2355 2800 2523 2845 nunc
2566 2799 2793 2865 perve-

481 2904 735 2987 stigatis
788 2904 895 2981 iis,
956 2922 1122 2986 quae
1171 2922 1212 2966 a
1268 2902 1546 2967 Domino
1608 2902 2051 2987 apostolisque
2110 2907 2175 2966 et
2227 2920 2396 2984 qnae
2451 2920 2493 2964 a
2531 2899 2796 2966 Judaeis

483 3031 614 3089 tum
660 3023 1260 3089 Palaestinensibus
1316 3028 1444 3086 tum
1490 3022 1953 3088 Alexandrinis
2008 3022 2089 3087 de
2146 3020 2566 3105 inspiratione
2625 3019 2796 3083 circa

483 3143 1067 3227 antiquissimorum
1097 3142 1416 3209 ecclesiae
1449 3149 1701 3227 patrum
1749 3147 2033 3207 aetatem
2082 3142 2338 3225 prolata
2383 3145 2665 3223 exstant,
2711 3137 2797 3202 ad

482 3264 695 3348 ipsam
739 3262 991 3329 illorum
1035 3267 1289 3347 patrum
1335 3261 1691 3327 doctrinam
1741 3267 2167 3328 transeamus.

652 3384 1111 3449 Deliberantes
1157 3388 1401 3467 autem,
1449 3401 1639 3465 quem
1695 3380 2213 3448 commentationi
2265 3385 2531 3444 nostrae
2585 3376 2797 3443 termi-

481 3523 630 3567 num
663 3523 1069 3589 poneremus,
1099 3501 1208 3566 diu
1239 3501 1726 3585 haesitavimus,
1754 3506 1962 3565 utrum
1995 3498 2422 3585 Theophilum
2454 3494 2797 3563 Antioche-

483 3642 635 3686 num
668 3622 1171 3689 excluderemus.
1256 3622 1425 3687 Nam
1472 3642 1665 3706 quum
1709 3641 1843 3687 non
1886 3619 2064 3706 prius
2109 3640 2301 3703 quam
2349 3639 2391 3683 a
2433 3614 2801 3703 Theophilo

482 3742 977 3827 inspirationem
1037 3742 1342 3809 librorum
1406 3741 1573 3808 Novi
1638 3739 2045 3807 Testamenti
2107 3738 2324 3804 doceri
2385 3737 2797 3824 plurimorum

484 3863 567 3927 sit
613 3862 962 3950 sententia,
1018 3856 1255 3928 novam
1298 3862 1381 3927 ab
1427 3881 1504 3927 eo
1568 3866 1854 3927 aetatem
1908 3857 2345 3945 incipiendam
2402 3877 2548 3923 esse
2604 3854 2801 3922 credi-

384 3979 395 3989 ’
483 3982 676 4048 deris,
762 3983 849 4047 At
889 3978 1281 4066 videbimus,
1336 4002 1466 4047 non
1508 3987 1685 4047 recte
1728 3979 2026 4064 judicare
2090 3998 2203 4045 eos
2261 3978 2370 4062 qni
2425 3978 2519 4043 ita
2562 3977 2800 4043 dicunt.

487 4101 701 4180 Quare
734 4120 955 4166 omnes
992 4101 1258 4167 secundi
1296 4108 1445 4187 post
1473 4099 1793 4167 Christum
1827 4098 2073 4165 saeculi
2101 4098 2505 4183 apologetas,
2537 4116 2801 4181 quorum

483 4221 628 4287 libri
672 4222 946 4288 materia
992 4227 1057 4287 et
1103 4221 1374 4288 consilio
1422 4219 1779 4285 arctissime
1827 4218 2144 4302 conjuncti
2188 4222 2351 4303 sunt,
2389 4215 2803 4301 comprehen-

485 4342 639 4408 dere
683 4342 1017 4409 malumus.
1117 4339 1282 4420 Quid
1338 4339 1776 4406 Montanistae
1823 4344 1886 4404 et
1932 4343 2225 4412 auctores
2271 4335 2803 4403 Pseudoclemen-
