3264 5076
1732 398 1818 470 64

608 623 905 710 pudient,
965 624 1411 691 considerari.¹
1508 624 1715 691 Aliter
1757 644 1913 692 vero
1958 645 2030 692 se
2075 622 2275 690 habet
2329 624 2508 690 loeus
2557 624 2668 691 ille
2713 624 2932 691 elaris-

611 743 814 809 simus
870 744 1184 829 epistolae
1247 750 1333 809 ad
1388 748 1627 809 Philad.
1663 765 1715 811 e.
1747 747 1832 811 V:
1897 736 2065 810 Ἀλλ’
2113 737 2155 830 ἧ
2209 739 2539 830 προσευχὴ
2592 737 2785 829 ὑμῶν
2836 744 2931 821 εἰς

615 858 787 929 Θεόν
827 886 905 949 με
951 856 1320 947 α’παρτίσει,
1377 861 1486 928 ἵνα
1534 862 1605 929 ἐν
1651 853 1709 949 ᾧ
1754 859 1981 950 κλήρῳ
2024 856 2318 950 ἠλεήθην
2363 858 2651 947 ἐπιτύχω
2696 886 2924 948 προς-

610 978 880 1068 φυγών
927 982 994 1069 (e
1037 982 1376 1049 Pearsonii
1422 987 1487 1047 et
1532 982 1786 1049 Smithii
1833 982 2203 1067 conjectura
2243 978 2762 1068 προσφύγωμεν)
2808 985 2917 1068 τῷ

609 1093 1033 1187 εὐαγγελίῳ
1091 1095 1196 1179 ὥς
1263 1103 1494 1186 σαρκὶ
1558 1096 1801 1188 Ἰησοῦ
1857 1102 1985 1166 καὶ
2055 1113 2220 1178 τοῖς
2272 1094 2756 1179 ἀποστόλοις
2812 1097 2917 1179 οὖς

604 1223 1141 1308 πρεσβυτερίου
1189 1220 1626 1308 ἐκκλησίας.
1728 1224 1875 1288 Καὶ
1918 1215 2100 1296 τοὺς
2143 1220 2224 1285 δὲ
2265 1218 2681 1308 προφήτας
2734 1215 2911 1306 a'ya·

604 1309 897 1425 ποόρεν,
944 1336 1052 1406 διὰ
1093 1337 1172 1407 τὸ
1216 1341 1327 1406 καὶ
1356 1334 1593 1417 αὐτοὺς
1622 1340 1715 1417 είς
1743 1335 1824 1405 τὸ
1856 1333 2233 1425 εὐαγγέλιον
2267 1340 2774 1426 κατηγγελκέναι
2808 1343 2919 1407 καὶ

604 1458 696 1536 εἰς
753 1453 958 1525 αὐτὸν
1016 1458 1301 1544 ἐλπίζειν
1362 1461 1475 1526 καὶ
1529 1453 1734 1525 αὐτὸν
1787 1452 2149 1544 ἀναμένειν.
2241 1460 2525 1524 Maximo
2581 1460 2646 1525 in
2702 1480 2917 1528 errore

610 1580 856 1646 versari
910 1579 1098 1646 nobis
1160 1580 1459 1647 videntur
1510 1580 1582 1665 ii,
1652 1580 1760 1664 qui
1812 1578 1936 1645 hoe
1989 1597 2240 1663 quoque
2296 1579 2441 1645 loeo
2495 1579 2696 1646 libros
2749 1581 2918 1646 Novi

604 1701 1006 1765 Testamenti
1065 1699 1547 1765 commemorari
1599 1698 1899 1782 negant.²
1993 1699 2161 1763 Nam
2214 1699 2268 1764 si
2312 1699 2605 1782 Ignatius
2651 1699 2737 1765 ad
2780 1720 2920 1766 ver-

607 1819 755 1884 bum
800 1819 1161 1885 traditionis
1216 1819 1409 1885 oralis
1463 1818 1531 1884 in
1576 1818 1854 1885 eeclesia
1910 1818 2139 1902 vigens
2194 1817 2536 1903 profugere
2590 1839 2663 1886 se
2705 1819 2915 1904 ipsum

606 1938 847 2005 diceret
889 1939 993 2005 vel
1039 1939 1335 2023 legentes
1380 1943 1450 2003 ut
1492 1958 1570 2004 eo
1627 1937 2042 2021 confugerent
2098 1934 2502 2024 admoneret,
2558 1938 2731 2005 hane
2786 1946 2912 2005 tra·

605 2057 911 2125 ditionem
964 2058 1031 2123 in
1085 2058 1245 2124 duas
1298 2064 1519 2143 partes
1577 2055 1996 2123 diseinderet:
2052 2052 2131 2122 τὸ
2174 2049 2551 2142 εὐαγγέλιον
2597 2058 2658 2123 h.
2690 2079 2746 2125 e.
2791 2063 2919 2124 tra-

605 2176 913 2243 ditionem
957 2179 1266 2246 faetorum
1314 2183 1380 2245 et
1424 2197 1790 2244 sermonum
1818 2178 2005 2261 Jesu,
2039 2182 2104 2243 et
2132 2171 2286 2253 τούς
2322 2172 2731 2255 α’ποστόλους
2758 2178 2822 2243 h.
2856 2199 2914 2245 e.

603 2296 961 2365 doetrinam
1027 2298 1473 2384 apostolicam.
1584 2296 1831 2379 Negari
1896 2295 2091 2378 igitur
2160 2315 2290 2361 non
2347 2304 2598 2381 posset,
2668 2297 2773 2364 hie
2833 2294 2916 2364 τὸ

600 2409 977 2502 εὐαγγέλιον
1030 2417 1385 2501 angustiori
1439 2434 1637 2484 sensu
1688 2414 1981 2501 usurpari
2037 2435 2230 2498 quam
2281 2416 2484 2483 tribus
2548 2417 2678 2482 illis
2731 2418 2915 2502 loeiS,

600 2559 760 2622 quos
806 2560 1004 2626 supra
1051 2540 1395 2605 attulimus,
1495 2536 1679 2602 Talis
1724 2534 2088 2602 traditionis
2141 2536 2401 2623 partitio
2459 2557 2776 2623 nusquam
2821 2538 2914 2604 in·

600 2658 853 2725 venitur
896 2666 961 2725 et
1018 2660 1306 2746 profeeto
1352 2658 1580 2725 rationi
1626 2658 1825 2743 plane
1882 2657 2206 2722 contraria
2259 2662 2379 2723 est.
2484 2656 2912 2725 Ooneedimus

602 2776 891 2861 quidem,
943 2778 1317 2845 universam
1356 2777 1675 2844 ecelesiae
1706 2776 2134 2860 traditionem,
2181 2776 2221 2841 i.
2248 2797 2304 2843 e.
2346 2778 2744 2861 magnalium
2789 2779 2916 2846 Dei

598 2897 1148 2983 praedicationem
1220 2899 1302 2964 ab
1371 2897 1684 2984 apostolis
1760 2896 2075 2963 ecelesiae
2131 2895 2470 2980 traditam,
2536 2891 2912 2983 εὐαγγέλιον

596 3016 915 3082 nominari
958 3037 1180 3103 posse3
1226 3018 1347 3083 sed
1391 3014 1711 3101 quomodo
1756 3017 2020 3082 verbum
2061 3016 2502 3102 apostolieum,
2548 3015 2722 3101 quod
2750 3016 2913 3082 nihil

597 3134 773 3200 aliud
830 3142 928 3202 est
984 3138 1111 3203 nisi
1163 3137 1563 3224 praedicatio
1621 3136 2008 3219 evangeliea
2059 3136 2126 3200 in
2184 3136 2463 3202 ecelesia
2508 3136 2766 3221 vigens,
2830 3139 2914 3203 ab

605 3256 950 3339 evangelio
995 3256 1304 3341 distingui
1356 3256 1588 3342 possit,
1646 3276 1775 3321 non
1825 3254 2260 3339 intelligimus.
2359 3256 2502 3322 Nisi
2554 3255 2748 3338 igitur
2780 3256 2915 3323 vio-

606 3374 814 3440 lenter
834 3381 1081 3441 textum
1101 3364 1349 3441 mutare
1373 3376 1668 3460 velimuS,
1695 3375 1786 3439 uti
1808 3375 2191 3453 Lessinqiusss
2231 3375 2400 3459 faoit,
2435 3374 2542 3459 qui
2572 3375 2914 3460 ingeniose

599 3494 694 3560 ita
745 3494 1152 3562 scribendum
1214 3515 1358 3562 esse
1415 3495 1532 3561 ait:
1587 3489 1996 3579 προσφυγὼν
2052 3497 2152 3581 τῷ
2197 3489 2536 3581 ἐπισκόπῳ
2582 3487 2677 3571 οὖς
2721 3496 2915 3581 σαρκὶ

599 3607 801 3701 Ἰησοῦ
845 3617 1131 3702 Χριστοῦ
1174 3617 1285 3680 καὶ
1327 3628 1466 3691 τοῖς
1507 3613 1969 3699 πρεσβυτέροις
1998 3611 2341 3700 ἐκκλησίας
2374 3609 2469 3691 οὖς
2501 3608 2911 3692 ἀποστόλοις,

598 3732 1076 3801 eoncedendum
1110 3735 1271 3818 est4,
1307 3732 1628 3819 Ignatium
1663 3732 2105 3799 eolleetionem
2136 3732 2458 3817 quandam
2491 3733 2914 3820 epistolarum

600 3864 761 3872 ——---—..

734 3923 753 3963 ¹
806 3921 1009 3977 Contra
1053 3923 1534 3985 Thierschium,
1588 3921 1807 3974 Versuch
1843 3939 1934 3973 zur
1971 3919 2304 3990 Herstelluny
2339 3931 2431 3974 etc.
2490 3938 2543 3989 p.
2570 3922 2687 3973 425.

729 4008 755 4048 2
800 4007 906 4062 Cfr.
945 4007 1282 4076 Hefelium
1317 4004 1388 4060 ad
1419 4006 1473 4060 h.
1500 4005 1533 4060 l.
1577 4007 1977 4061 Giesezerum
2024 4004 2058 4058 l.
2086 4020 2130 4059 o.
2179 4022 2232 4073 p.
2264 4008 2357 4058 157
2385 4021 2500 4074 sqq.
2573 4008 2906 4062 Laudare·

590 4112 724 4147 rum
758 4091 792 4146 l.
819 4108 863 4147 c,
898 4110 950 4162 p.
977 4095 1094 4148 274.

729 4180 752 4216 3
801 4178 939 4247 Opp.
980 4178 1063 4234 ed.
1100 4182 1571 4234 Lachmannus.
1634 4175 1695 4230 T.
1723 4175 1820 4243 XI,
1857 4193 1912 4245 p.
1938 4178 2058 4231 567.

727 4266 752 4305 4
798 4263 904 4320 Cfr.
942 4265 1453 4335 Hilyenfeldum‚
1502 4263 1612 4316 Der
1649 4263 1840 4317 Kanon
1880 4266 1992 4317 und
2035 4264 2118 4316 die
2155 4263 2333 4317 Kritik
2376 4267 2467 4318 des
2513 4281 2674 4317 neuen
2718 4261 2895 4317 Testa-

564 4362 764 4408 ments.
822 4368 876 4425 p.
903 4354 983 4409 31.
