3264 5076
1530 428 1833 530 ,3.οῌ

692 655 754 717 4.
803 653 1255 738 Inspirationis
1303 673 1528 719 omnes
1576 652 1909 736 sapientes
1957 658 2022 719 et
2053 652 2269 736 justos
2315 651 2668 736 participes
2695 649 2833 716 fieri

521 772 908 838 existimant.

692 889 821 958 Sed
868 890 1154 959 nondum
1198 890 1767 958 Alexandrinismo
1807 891 2176 958 valedicere
2205 891 2394 957 nobis
2426 890 2595 956 licet.
2665 890 2835 956 Reli-

520 1031 712 1093 quum
756 990 941 1077 'enim
1002 1018 1129 1094 est,
1198 1018 1267 1077 ut
1320 1009 1779 1097 disquiramus,
1836 1018 2141 1075 undenam
2197 1015 2369 1074 Philo
2423 1020 2480 1074 et
2536 1014 2834 1089 losephus

517 1135 679 1195 hanc
722 1135 1137 1209 inspirationis
1179 1135 1475 1195 notionem
1518 1136 1851 1195 hauserint.

717 1250 918 1315 Vetus
984 1252 1472 1316 Testamentum
1535 1250 1715 1317 novit
1787 1250 2070 1316 ecstasin
2147 1247 2590 1335 propheticam
2657 1248 2717 1313 h.
2775 1268 2831 1315 e.

520 1368 699 1435 illam
747 1366 1205 1454 conditionem,
1253 1390 1380 1454 qua
1425 1369 1615 1437 homo
1663 1390 1705 1434 a
1751 1369 1993 1454 Spiritu
2038 1369 2257 1435 divino
2311 1375 2495 1434 tanta
2537 1368 2604 1434 vi
2651 1368 2837 1434 corri-

521 1489 707 1574 pitur,
752 1495 820 1554 ut
863 1509 906 1553 a
949 1495 1155 1554 semet
1197 1489 1343 1574 ipso
1388 1489 1574 1573 quasi
1621 1495 1874 1556 amotus
1922 1495 1987 1555 et
2032 1490 2116 1554 ab
2164 1488 2454 1554 omnibus
2498 1488 2723 1570 rebuS‚
2769 1488 2837 1551 in

520 1607 747 1691 quibus
796 1614 992 1673 antea
1038 1610 1449 1693 versabatur,
1505 1611 1766 1675 avulsus
1819 1629 1931 1675 res
1978 1614 2226 1674 tantum
2275 1608 2593 1675 coelestes
2640 1613 2705 1672 et
2748 1606 2836 1670 fu-

520 1734 696 1793 turas
740 1727 1063 1793 intucatur
1109 1734 1173 1793 et
1215 1728 1550 1814 percipiat.
1643 1728 1765 1807 Qui
1812 1729 2157 1795 ecstaticus
2202 1726 2586 1813 prophetiae
2632 1731 2836 1790 status

484 1828 983 1931 =antiquioribus
1029 1848 1311 1914 maxime
1360 1849 1755 1934 temporibus
1805 1849 2155 1933 invenitur;
2203 1853 2270 1912 at
2312 1853 2545 1933 postea
2583 1864 2836 1928 quoque

523 1988 713 2050 quum
761 1967 1106 2055 prophetia
1150 1969 1417 2034 formam
1448 1969 1811 2036 liberiorem
1842 1969 2178 2053 magisque
2209 1966 2609 2052 spiritualem
2643 1970 2838 2030 nacta

523 2095 715 2172 esset,
761 2094 966 2154 status
1012 2088 1424 2173 propheticus
1457 2110 1588 2155 non
1619 2087 1878 2172 quidem
1923 2108 2041 2173 per
2080 2107 2152 2153 se
2184 2087 2392 2172 ipsum
2426 2106 2566 2152 cum
2600 2083 2839 2151 abalie-

521 2207 786 2273 natione
830 2208 1064 2273 mentis
1098 2215 1162 2274 et
1190 2209 1469 2292 deliquio
1518 2228 1823 2275 sensuum
1870 2209 2246 2292 conjunctus
2293 2207 2497 2289 erat¹,
2544 2203 2663 2271 sed
2707 2225 2838 2269 non

524 2348 670 2392 raro
719 2327 960 2411 evenit,
1005 2333 1074 2392 ut
1126 2327 1486 2414 prophetae
1533 2326 1617 2392 ad
1663 2326 2124 2393 revelationem
2180 2325 2467 2393 divinam
2523 2324 2840 2409 accipien-

524 2445 678 2512 dam
721 2453 1095 2532 paterentur
1138 2448 1438 2532 ecstasin,
1487 2467 1655 2530 quae
1702 2446 1960 2512 omnino
2006 2447 2131 2511 nisi
2176 2452 2371 2512 antea
2403 2445 2654 2511 externi
2697 2463 2839 2510 sen-

528 2567 905 2649 susagitari
937 2567 1243 2633 desierint
1273 2574 1337 2634 et
1369 2566 1563 2634 homo
1593 2569 1784 2634 rebus
1810 2567 2093 2635 externis
2128 2566 2213 2632 ad
2236 2573 2487 2653 tempus
2518 2564 2841 2631 renuntia·

531 2686 696 2752 verit
745 2687 1015 2769 cogitari
1058 2708 1189 2752 non
1234 2688 1505 2772 potest.2
1609 2686 1742 2753 Sed
1785 2687 2059 2772 primum
2104 2685 2270 2752 haec
2315 2685 2620 2770 ecstasis,
2677 2684 2839 2750 sicut

527 2806 718 2873 modo
772 2806 1079 2892 diximus,
1142 2828 1273 2871 una
1326 2813 1571 2872 tantum
1628 2827 1835 2889 eaque
1896 2827 2048 2872 rara
2107 2806 2361 2892 species
2415 2805 2837 2891 propheticae

535 2925 982 3011 revelationis,
1044 2926 1308 2993 minime
1361 2926 1690 3009 generalis
1744 2925 2191 3013 propheticae,
2254 2924 2493 2992 nedum
2562 2924 2840 3009 cujusvis

531 3045 976 3130 inspirationis
1037 3046 1246 3113 forma
1309 3051 1435 3131 est3
1497 3046 1732 3112 deinde
1793 3046 2019 3112 nullibi
2069 3047 2144 3112 V.
2198 3049 2274 3111 T.
2329 3045 2549 3129 docet,
2616 3064 2839 3110 omnes

532 3166 970 3232 revelationes
1027 3163 1100 3231 ἐν
1153 3160 1448 3231 ἐκστάσει
1512 3186 1659 3232 esse
1726 3166 2170 3252 consignatas3
2239 3167 2427 3233 tertio
2485 3171 2690 3230 status
2745 3184 2843 3229 ec-

534 3285 819 3368 staticus,
869 3305 1057 3368 quem
1090 3284 1418 3370 Scriptura
1448 3286 1644 3370 novit,
1693 3268 2403 3368 cessationem‘quidem
2436 3284 2842 3368 cogitationis

537 3404 954 3489 discursivae,
998 3405 1368 3487 neutiquam
1411 3426 1566 3471 vero
1596 3405 1794 3471 talem
1824 3405 2051 3471 mentis
2090 3406 2601 3471 exturbationem
2639 3404 2843 3488 infert,

537 3529 608 3588 ut
660 3524 1001 3610 inspiratio
1060 3524 1143 3589 sit
1195 3520 1612 3611 θεοφόρητος
1671 3526 1899 3609 {ravim
1956 3525 2265 3610 promittit
2320 3525 2595 3607 denique
2650 3523 2726 3588 V.
2764 3524 2839 3586 Τ.

530 3649 821 3729 tempore
866 3644 1194 3710 Messiano
1242 3645 1475 3710 donum
1508 3644 1781 3730 Spiritus
1827 3645 2039 3711 sancti
2082 3645 2119 3711 i.
2157 3665 2212 3710 e.
2257 3653 2467 3712 rtrum
2500 3654 2631 3711 πῆῆ
2670 3642 2844 3709 omni

531 3763 711 3828 carni
754 3762 972 3828 datum
1018 3763 1097 3828 iri
1144 3763 1317 3850 (Joel
1346 3763 1490 3851 111),
1539 3763 1657 3830 sed
1702 3771 1852 3830 ante
1885 3764 2008 3832 hoc
2041 3771 2292 3849 tempus
2327 3782 2550 3832 omnes
2588 3763 2840 3850 sapien-

530 3890 630 3949 tes
687 3888 752 3947 et
797 3884 1016 3968 justos
1068 3884 1507 3970 inspirationis
1568 3885 1920 3970 participes
1981 3885 2122 3951 fieri
2183 3904 2378 3970 posse
2441 3904 2573 3949 non
2634 3883 2838 3949 docet.

530 4004 755 4085 Itaque
799 4002 1013 4068 dicere
1056 4024 1184 4069 non
1229 4023 1587 4090 possumus,
1632 4004 1973 4071 Philonem
2019 4009 2083 4069 et
2125 4003 2484 4089 Josephum
2528 4023 2711 4068 suam
2759 4001 2842 4067 de

670 4209 690 4248 1
739 4207 939 4262 Contra
978 4210 1410 4279 philippium,
1447 4211 1746 4263 Kirchliche
1787 4210 2202 4264 Glaubenslehre.
2261 4206 2436 4262 ed.11.
2472 4207 2515 4273 Ι,
2553 4208 2727 4275 p.225
2760 4221 2839 4273 sq.

671 4297 693 4335 2
744 4293 850 4349 Cfr.
886 4298 989 4349 Fr.
1015 4296 1173 4349 Deli
1186 4299 1519 4360 tusleium,
1565 4296 1766 4365 System
1804 4299 1896 4349 der
1929 4296 2210 4349 biblischen
2248 4295 2597 4364 Psycholoyie.
2660 4290 2742 4346 ed.
2769 4290 2838 4346 II.

528 4397 581 4458 p.
608 4382 708 4435 358
734 4396 848 4458 sqq.
926 4381 1278 4436 Gustavum
1314 4383 1651 4453 Bourium,
1687 4382 1797 4435 Der
1834 4383 2063 4458 Prophet
2100 4385 2258 4435 Amos
2297 4395 2351 4456 p.
2376 4382 2402 4430 7
2428 4394 2508 4456 sq.
