3264 5076
1487 411 1789 512 -..E-1*

478 638 648 706 dere.
740 640 909 705 Nam
965 660 1153 723 quum
1210 638 1539 723 apostolos
1605 631 2311 722 ἀπομνημονεύσαντας
2368 633 2619 703 πάντα
2683 657 2792 703 no-

479 759 700 842 minet,
758 759 975 824 omnia
1032 758 1379 841 evangelia
1425 764 1574 821 tunc
1631 777 1750 841 per
1796 756 2139 823 ecclesiam
2186 755 2483 842 dispersa
2536 779 2651 841 pro
2698 759 2793 821 in-

474 878 728 963 spiratis
776 879 837 945 ei
890 877 1199 944 habenda
1254 877 1483 963 fuisse3
1538 876 1662 943 hoc
1704 898 1856 943 vero
1904 896 2048 942 eum
2094 898 2222 943 non
2268 878 2584 962 potuisse,
2640 878 2792 961 quia

482 1017 862 1063 consensum
906 996 1237 1064 doctrinae
1270 997 1586 1063 criterium
1619 997 1878 1064 divinae
1910 998 2212 1064 librorum
2244 997 2509 1082 originis
2540 998 2791 1082 praeci·

480 1138 670 1202 puum
715 1136 860 1184 esse
893 1117 1238 1201 censuerit,
1273 1118 1610 1202 evangelia
1649 1125 1859 1184 autem
1887 1118 2003 1182 illa
2039 1137 2380 1183 numerosa
2408 1117 2791 1202 permultum

484 1239 649 1303 inter
693 1257 764 1303 se
812 1236 1378 1322 discrepaverint.¹
1460 1237 1598 1303 Hoc
1630 1245 2073 1320 argumentum
2106 1237 2314 1304 falsae
2345 1237 2439 1301 illi
2482 1236 2789 1303 Credneri

484 1357 845 1423 sentent-iae
879 1355 960 1423 de
989 1358 1510 1423 memorabilibus
1546 1359 1981 1443 apostolorum
2011 1357 2314 1422 innititur.
2385 1356 2559 1422 Sane
2596 1357 2788 1422 etiam

483 1483 749 1558 quatuor
802 1476 1148 1560 evangelia
1201 1498 1332 1542 uon
1385 1477 1452 1542 in
1510 1478 1802 1545 omnibus
1858 1474 2280 1543 consentiunt.
2376 1477 2463 1541 At
2517 1478 2787 1561 primum

488 1616 682 1680 supra
727 1595 1335 1681 demonstravimus,
1383 1597 1609 1662 mirum
1654 1598 1835 1662 illum
1884 1617 2294 1681 consensum,
2352 1617 2388 1663 e
2434 1618 2555 1681 quo
2600 1597 2793 1662 Justi-

483 1734 601 1779 nus
645 1696 1135 1801 inspirationem
1181 1717 1433 1784 Veteris
1480 1718 1884 1783 Testamenti
1931 1718 2190 1803 evincit,
2234 1738 2362 1784 non
2395 1717 2794 1783 immunitate

490 1834 853 1919 Scripturae
901 1856 943 1901 a
985 1837 1249 1902 minima
1293 1857 1544 1921 quoque
1590 1835 1980 1919 differentia,
2039 1836 2157 1904 sed
2202 1836 2492 1922 perfecta
2537 1838 2677 1922 ejus
2721 1839 2791 1902 in

485 1954 776 2020 omnibus
820 1932 1042 2040 rebuS,
1090 1978 1258 2040 quae
1292 1956 1376 2021 ad
1409 1956 1684 2021 salutem
1716 1958 2064 2041 pertinent,
2095 1956 2435 2023 harmonia
2465 1957 2792 2022 contineri.

482 2073 739 2141 Deinde
798 2094 878 2141 ex
933 2081 1092 2140 Dial.
1125 2097 1177 2141 c.
1214 2082 1315 2141 Tr.
1350 2097 1403 2141 e.
1441 2081 1582 2158 111,
1626 2096 1689 2159 p.
1723 2079 1873 2141 370:
1939 2077 2068 2141 Καὶ
2130 2070 2232 2142 ὅτι
2294 2074 2367 2141 ἐν
2415 2070 2623 2165 ἡμέρᾳ
2673 2079 2794 2142 τοῦ

484 2190 701 2278 πάσχα
746 2192 1123 2276 συνελάβετε
1170 2188 1375 2262 αὐτὸν
1419 2197 1530 2261 καὶ
1574 2189 1821 2280 ὁμοίως
1849 2195 1922 2261 ἐν
1949 2198 2048 2281 τῷ
2076 2193 2295 2285 πάσχᾳ
2323 2192 2790 2279 ἐσταυρώσατε,

486 2313 840 2399 γέγραπται
896 2314 1036 2400 (cfr.
1064 2320 1236 2395 Apol.
1265 2317 1314 2401 I,
1348 2320 1448 2401 67,
1504 2337 1565 2401 p.
1605 2318 1761 2380 270:
1826 2318 1908 2399 τῇ
1959 2312 2082 2401 γὰρ
2134 2311 2268 2400 πρὸ
2319 2317 2434 2403 τῆς
2486 2316 2794 2400 κρονικῆς

488 2429 906 2518 ἐσταύρωσαν
964 2427 1193 2521 αὐτόν)
1257 2435 1670 2520 conspicitur,
1737 2435 2055 2501 Justinum
2127 2456 2257 2500 non
2314 2436 2476 2500 sicut
2541 2438 2794 2502 criticos

487 2561 740 2620 nostrae
799 2555 1034 2622 aetatis
1080 2563 1379 2621 venatum
1434 2556 1662 2641 ivisse,
1707 2564 1775 2622 ut
1820 2564 2092 2640 quatuor
2137 2557 2619 2641 evangeliorum
2665 2556 2794 2621 dis-

493 2676 826 2741 sonantias
884 2673 1244 2758 indagaret.
1347 2675 1607 2741 Minime
1673 2676 1825 2741 inde
1889 2677 2201 2759 sequitur,
2272 2696 2411 2742 eum
2471 2677 2795 2760 evangelii

488 2793 764 2859 Joannei
806 2795 1050 2859 nullam
1095 2794 1383 2859 notitiam
1432 2794 1793 2861 habuisse.‘-’

655 2912 832 2979 Nihil
875 2914 1069 2998 igitur
1114 2915 1356 2999 obstat,
1414 2916 1737 2981 Justinum
1784 2917 2305 2984 memorabilibus
2352 2917 2789 3002 apostolorum

486 3032 971 3118 inspirationem
1046 3033 1373 3119 tribuisse3
1448 3035 1575 3099 imo
1645 3037 1833 3102 certis
1905 3037 2301 3120 argumentis
2370 3037 2793 3102 confirmatur.

488 3152 720 3218 Illustri
772 3153 885 3216 illo
950 3154 1093 3219 loco
1149 3158 1317 3232 Apol.
1348 3155 1397 3237 I,
1429 3158 1531 3238 67,
1563 3176 1624 3240 p.
1659 3157 1803 3231 268.
1838 3157 1963 3218 270
2025 3156 2317 3222 Justinus
2370 3156 2451 3223 de
2507 3155 2794 3221 coetibus

487 3271 975 3339 christianorum
1033 3273 1234 3339 sacris
1297 3274 1389 3338 ita
1447 3273 1667 3338 refert:
1747 3275 1876 3339 Καὶ
1930 3277 2010 3357 τῇ
2063 3277 2183 3340 τοῦ
2233 3269 2423 3362 ἡλίου
2476 3276 2789 3361 λεγομένῃ

491 3385 695 3480 ἡμέρᾳ
747 3387 1022 3457 πάντων
1074 3388 1242 3457 κατὰ
1293 3388 1517 3469 πόλεις
1568 3387 1610 3478 ἢ
1655 3386 1893 3477 α’γρούς
1943 3390 2287 3478 μενόντων
2340 3395 2447 3461 ἐπὶ
2498 3392 2577 3461 τὸ
2621 3388 2784 3461 αὐτὸ

488 3511 852 3588 συνέλευσις
894 3512 1165 3596 γίνεται,
1206 3508 1436 3577 καὶτὰ
1466 3505 2241 3598 ἀπομνημονεύματα
2274 3518 2432 3581 τῶν
2461 3508 2793 3581 ἀποστό-

490 3633 645 3695 λων
687 3624 730 3717 ἢ
773 3627 864 3695 τὰ
910 3627 1467 3717 συγγράμματα
1510 3633 1668 3696 τῶν
1703 3635 2139 3718 προφητῶν
2168 3627 2795 3719 ἄναγινιόσκεται

487 3749 756 3836 μέχρις
813 3748 1160 3836 ἐγχωρεῖ.
1261 3747 1429 3815 Εἶτα
1480 3751 1902 3836 παυσαμένου
1954 3755 2073 3817 τοῦ
2126 3746 2699 3838 ἀναγινώσκοντος
2752 3747 2790 3820 ὁ

487 3865 823 3954 προεστώς
885 3865 992 3935 διὰ
1056 3866 1255 3954 λόγου
1319 3867 1441 3955 τὴν
1495 3871 1851 3936 νουθεσίαν
1905 3872 2016 3936 καὶ
2066 3870 2433 3960 πρόκλησιν
2486 3874 2601 3959 τῆς
2652 3875 2793 3939 τῶν

486 3990 710 4052 καλῶν
753 3984 1012 4054 τούτων
1060 3985 1387 4075 μιμήσεως
1428 4004 1728 4057 ποιεῖται.
1832 3993 2000 4057 Ecce
2044 3991 2494 4058 memorabilia
2538 4000 2793 4077 aposto·

626 4276 646 4316 1
690 4278 936 4350 Beitrdqe
969 4279 1011 4348 I,
1049 4296 1101 4349 p.
1132 4282 1229 4332 129
1254 4294 1333 4348 sq.

631 4363 654 4401 2
701 4362 903 4418 Contra
936 4367 1383 4422 Schultenium
1419 4364 1450 4418 l.
1480 4380 1522 4418 c.
1560 4382 1612 4433 p.
1640 4368 1722 4421 29.
