3264 5076
1500 419 1591 493 25

378 645 688 732 perhibet,
734 646 802 712 in
846 646 992 731 ipsa
1034 646 1305 713 inveniri
1350 665 1547 731 posse
1591 645 1922 711 somnians
1963 641 2252 709 Judaeos
2279 639 2691 727 impediebat,

380 767 711 848 quominus
756 765 841 831 ad
882 770 1107 831 Jesum
1155 765 1502 851 Christum,
1545 766 1745 832 vitam
1792 785 2031 849 veram,
2066 762 2499 828 accederent.¹
2590 760 2693 826 An

379 907 504 950 uno
564 886 795 951 saltem
852 891 1232 967 argumento
1282 890 1539 950 Rothius
1583 885 1881 950 evincere
1925 888 2165 967 potest,
2220 883 2431 947 locum
2478 885 2691 945 Matth.

385 1005 586 1089 XXII,
616 1007 720 1089 43,
767 1025 892 1087 quo
939 1004 1258 1071 Davidem
1303 1005 1623 1090 psalmum
1673 1004 1808 1069 CX.
1854 1001 1927 1068 ἐν
1956 998 2274 1086 πνεύμᾳτι
2320 999 2690 1066 condidisse

377 1123 681 1207 legimus,
735 1123 894 1188 nihil
940 1124 1021 1189 de
1076 1123 1267 1190 modo
1321 1123 1808 1209 conscriptionis
1852 1121 2042 1206 hujus
2098 1120 2328 1206 psalmi
2388 1119 2684 1186 dicere‘?²

379 1243 563 1309 Hanc
601 1244 985 1309 sententiam
1019 1264 1358 1310 erroneam
1391 1263 1536 1310 esse
1568 1241 1853 1309 ostendit
1886 1242 1988 1308 vel
2019 1260 2335 1326 praesens
2364 1244 2566 1324 καλεῖ,
2606 1237 2692 1304 ad

381 1362 802 1448 Scripturam,
835 1383 1029 1447 quam
1059 1364 1127 1429 in
1156 1385 1354 1429 manu
1388 1362 1721 1430 habebant
1749 1361 2013 1446 Judaei,
2056 1361 2431 1446 respiciens,
2497 1361 2694 1426 Porro

381 1501 460 1546 ex
512 1482 623 1565 iis,
686 1503 853 1565 quae
897 1484 1210 1549 Dominus
1263 1491 1443 1550 Joan.
1481 1485 1564 1566 X,
1604 1486 1687 1547 35
1745 1489 1811 1548 et
1868 1486 2078 1546 Matth.
2108 1481 2182 1566 V,
2222 1482 2299 1544 18
2355 1478 2492 1565 (cfr.
2538 1481 2693 1545 Luc.

383 1602 548 1686 XVI,
569 1600 672 1687 17)
698 1603 1082 1687 pronuntiat,
1113 1603 1406 1669 concludi
1435 1609 1670 1687 potest,
1702 1623 1846 1669 eum
1870 1622 2000 1666 non
2025 1597 2467 1665 tantummodo
2498 1604 2698 1664 mate-

380 1720 535 1785 riam
591 1740 810 1787 eorum
866 1742 1033 1806 quae
1082 1723 1411 1808 Scriptura
1464 1723 1776 1806 continet,
1846 1719 1963 1787 sed
2018 1721 2211 1787 etiam
2268 1718 2696 1787 elocutionem

383 1841 575 1906 talem
610 1841 928 1926 judicare,
974 1862 1143 1925 quae
1174 1862 1216 1906 a
1247 1843 1392 1909 Deo
1424 1842 1738 1925 originem
1771 1841 1987 1925 ducat3
2034 1846 2099 1906 et
2141 1860 2371 1906 revera
2412 1840 2697 1923 cogita-ta

383 1960 655 2027 hominis
709 1982 851 2028 cum
895 1962 1142 2046 verbiS,
1199 1961 1421 2045 quibus
1466 1962 1925 2047 exprimuntur,
1971 1959 2398 2026 indissolubili
2440 1959 2694 2026 vinculo

385 2079 748 2165 cohaerent,
794 2086 864 2145 ut
905 2082 1047 2166 ipse
1092 2081 1430 2148 hebraicus
1477 2101 1692 2147 sermo
1739 2066 2038 2163 ostendit,
2088 2080 2193 2163 qui
2233 2079 2696 2163 cogitationem

386 2207 449 2265 et
477 2200 867 2266 locutionem
896 2222 1019 2265 uno
1045 2202 1242 2267 verbo
1271 2215 1424 2269 *57:101
1456 2198 1960 2285 comprehendit.
2013 2202 2098 2264 Et
2125 2199 2410 2266 vicissim
2438 2203 2698 2264 exstant

384 2320 514 2384 alia
567 2319 828 2386 Domini
883 2319 1112 2400 effata,
1177 2341 1442 2405 quorum
1505 2322 1778 2406 primum
1840 2320 2050 2385 locum
2115 2320 2321 2385 oratio
2389 2325 2698 2383 montana

388 2445 679 2525 occupat,
728 2461 813 2506 ex
857 2441 1084 2522 quibus
1130 2447 1430 2527 apparet,
1478 2462 1621 2508 eum
1666 2439 2129 2506 revelationem
2174 2439 2426 2504 Veteris
2473 2441 2700 2505 Testa·

389 2561 583 2626 menti
638 2582 756 2646 pro
809 2561 1213 2647 imperfecta,
1276 2562 1673 2648 temporaria
1730 2569 1795 2629 et
1849 2559 1934 2626 ad
1987 2566 2225 2626 statum
2282 2560 2534 2646 populi,
2596 2559 2698 2624 cui

391 2678 544 2745 data
571 2686 690 2759 est,
717 2679 1163 2766 paedagogice
1195 2680 1683 2749 accommodata
1713 2682 1974 2765 habere,
2020 2680 2189 2746 unde
2223 2679 2503 2765 efficitur,
2549 2699 2695 2746 eum

389 2800 777 2885 Scripturam
807 2800 1060 2866 Veteris
1095 2801 1497 2868 Testamenti
1543 2823 1673 2866 non
1706 2808 1838 2867 tam
1887 2822 2061 2868 mere
2101 2800 2388 2867 divinam
2434 2800 2697 2877 habere,

389 2925 456 2983 ut
504 2920 734 2983 similis
791 2921 875 2985 sit
934 2920 1076 2986 libri
1134 2921 1397 2986 coelitus
1454 2919 1707 3006 delapsi
1755 2929 1819 2988 et
1862 2928 2211 3007 propterea
2256 2921 2698 2988 affectionibus

387 3038 683 3104 humanis
728 3060 989 3124 prorsus
1034 3041 1239 3107 liberi.
1328 3041 1436 3107 Sic
1480 3042 1531 3106 si
1568 3041 1961 3127 judicasset,
2008 3064 2136 3108 non
2180 3049 2433 3128 poterat
2477 3040 2695 3107 dicere

388 3178 551 3240 quae
586 3164 795 3223 Mutela.
824 3161 1000 3246 XIX,
1022 3163 1062 3225 8
1094 3181 1235 3227 eum
1270 3159 1514 3227 dixisse
1545 3160 1840 3243 legimus.
1887 3164 2059 3244 Ergo
2092 3163 2417 3228 sententia
2438 3162 2697 3228 Domini

385 3276 544 3343 haec
591 3279 730 3364 erit,
779 3280 1170 3365 Scripturam
1203 3282 1455 3346 Veteris
1488 3282 1889 3347 Testamenti
1921 3281 2299 3367 inspiratam
2332 3301 2497 3366 esse,
2542 3283 2697 3365 quia

387 3403 522 3463 tota
573 3398 926 3484 perfectam
983 3400 1163 3465 illam
1215 3400 1711 3486 revelationem,
1773 3401 1951 3485 cujus
2007 3401 2148 3486 ipse
2204 3401 2520 3467 mediator
2574 3410 2692 3485 est,

385 3524 750 3603 praeparat,
796 3519 887 3584 ita
918 3526 986 3585 ut
1019 3520 1124 3587 vel
1159 3521 1722 3587 minutissimarum
1764 3521 2037 3605 partium
2085 3521 2249 3603 legis
2292 3521 2473 3586 nulla
2514 3522 2697 3587 abro-

388 3643 592 3724 getur,
646 3638 800 3721 quin
852 3640 1267 3724 spiritualiter
1321 3641 1589 3726 impleta
1656 3642 1765 3726 sit,
1829 3646 1895 3706 et
1948 3640 2457 3724 praedictionum
2517 3641 2696 3705 nulla

387 3755 560 3822 irrita
603 3757 734 3843 fiat,
777 3759 905 3822 imo
950 3758 1017 3824 in
1062 3759 1204 3844 ipso
1253 3758 1338 3824 ad
1370 3760 1564 3827 finem
1596 3760 1998 3845 perducatur.
2068 3760 2366 3826 Ceterum
2394 3781 2523 3826 non
2556 3766 2696 3825 erat

389 3874 639 3941 Domini
685 3879 911 3963 nostri,
956 3879 1193 3964 quippe
1232 3880 1409 3963 cujus
1443 3901 1603 3966 opus
1635 3882 1842 3964 vitae,
1887 3901 2017 3946 non
2063 3880 2391 3946 doctrinae
2435 3879 2697 3945 inservi-

380 3999 498 4079 ret,
541 3997 855 4063 rationem
886 3998 1327 4083 inspirationis
1359 4000 1726 4085 Scripturas
1760 4019 2009 4084 sacrae,
2052 3999 2142 4064 uti
2184 3996 2696 4083 dogmaticorum

393 4118 506 4197 est,
552 4115 868 4184 subtiliter
913 4138 1254 4204 exponere.

523 4288 549 4412 ἑ
588 4287 693 4343 Cfr.
732 4289 794 4343 K
797 4292 954 4345 alini
964 4294 1021 4345 si
1034 4309 1152 4355 um,
1189 4290 1292 4343 Die
1328 4290 1631 4345 tucher-ische
1670 4290 1962 4360 Doymaeik.
2023 4289 2063 4356 1,
2101 4305 2153 4357 p.
2183 4290 2299 4343 652.

593 4373 655 4427 L.
693 4389 737 4426 c.
