<?xml version="1.0" encoding="UTF-8"?>
<!DOCTYPE html PUBLIC "-//W3C//DTD XHTML 1.0 Transitional//EN"
    "http://www.w3.org/TR/xhtml1/DTD/xhtml1-transitional.dtd">
<html xmlns="http://www.w3.org/1999/xhtml" xml:lang="en" lang="en">
 <head>
  <title>
</title>
<meta http-equiv="Content-Type" content="text/html;charset=utf-8" />
  <meta name='ocr-system' content='tesseract 3.04.00' />
  <meta name='ocr-capabilities' content='ocr_page ocr_carea ocr_par ocr_line ocrx_word'/>
</head>
<body>
  <div class='ocr_page' id='page_1' title='image "./deinspirationes00deligoog_0106.png"; bbox 0 0 3264 5076; ppageno 0'>
   <div class='ocr_carea' id='block_1_1' title="bbox 1613 377 1801 476">
    <p class='ocr_par' dir='ltr' id='par_1_1' title="bbox 1613 377 1801 476">
     <span class='ocr_line' id='line_1_1' title="bbox 1613 377 1801 476; baseline -0.011 1"><span class='ocrx_word' id='word_1_1' title='bbox 1613 377 1801 476; x_wconf 60' lang='grc'>94,-,,</span> 
     </span>
    </p>
   </div>
   <div class='ocr_carea' id='block_1_2' title="bbox 484 592 2811 4164">
    <p class='ocr_par' dir='ltr' id='par_1_2' title="bbox 484 592 2811 4164">
     <span class='ocr_line' id='line_1_2' title="bbox 488 592 2809 689; baseline -0.004 -19"><span class='ocrx_word' id='word_1_2' title='bbox 488 601 596 670; x_wconf 83' lang='lat' dir='ltr'>vix</span> <span class='ocrx_word' id='word_1_3' title='bbox 639 592 988 687; x_wconf 83' lang='lat' dir='ltr'>quidquam</span> <span class='ocrx_word' id='word_1_4' title='bbox 1032 603 1308 689; x_wconf 89' lang='lat' dir='ltr'>probare</span> <span class='ocrx_word' id='word_1_5' title='bbox 1353 603 1621 688; x_wconf 81' lang='lat' dir='ltr'><strong>possint.</strong></span> <span class='ocrx_word' id='word_1_6' title='bbox 1700 601 1833 669; x_wconf 83' lang='lat' dir='ltr'>Sed</span> <span class='ocrx_word' id='word_1_7' title='bbox 1878 605 2140 668; x_wconf 84' lang='lat' dir='ltr'>exstant</span> <span class='ocrx_word' id='word_1_8' title='bbox 2184 598 2444 684; x_wconf 88' lang='lat' dir='ltr'>quidem</span> <span class='ocrx_word' id='word_1_9' title='bbox 2490 597 2616 665; x_wconf 91' lang='lat' dir='ltr'>duo</span> <span class='ocrx_word' id='word_1_10' title='bbox 2661 598 2809 683; x_wconf 88' lang='lat' dir='ltr'>loci,</span> 
     </span>
     <span class='ocr_line' id='line_1_3' title="bbox 491 720 2810 808; baseline -0.002 -20"><span class='ocrx_word' id='word_1_11' title='bbox 491 722 720 807; x_wconf 87' lang='lat' dir='ltr'>quibus</span> <span class='ocrx_word' id='word_1_12' title='bbox 766 723 1059 789; x_wconf 86' lang='lat' dir='ltr'>Justinus</span> <span class='ocrx_word' id='word_1_13' title='bbox 1121 721 1205 788; x_wconf 91' lang='lat' dir='ltr'>ad</span> <span class='ocrx_word' id='word_1_14' title='bbox 1263 723 1700 808; x_wconf 89' lang='lat' dir='ltr'>apostolorum</span> <span class='ocrx_word' id='word_1_15' title='bbox 1756 720 2067 807; x_wconf 79' lang='lat' dir='ltr'>epistolas</span> <span class='ocrx_word' id='word_1_16' title='bbox 2122 722 2189 785; x_wconf 94' lang='lat' dir='ltr'>in</span> <span class='ocrx_word' id='word_1_17' title='bbox 2239 720 2606 787; x_wconf 87' lang='lat' dir='ltr'>universum</span> <span class='ocrx_word' id='word_1_18' title='bbox 2650 723 2810 783; x_wconf 92' lang='lat' dir='ltr'>tam-</span> 
     </span>
     <span class='ocr_line' id='line_1_4' title="bbox 490 841 2809 927; baseline -0.003 -20"><span class='ocrx_word' id='word_1_19' title='bbox 490 863 682 926; x_wconf 88' lang='lat' dir='ltr'>quam</span> <span class='ocrx_word' id='word_1_20' title='bbox 717 843 802 908; x_wconf 89' lang='lat' dir='ltr'>ad</span> <span class='ocrx_word' id='word_1_21' title='bbox 827 842 1106 910; x_wconf 86' lang='lat' dir='ltr'><strong>Verbum</strong></span> <span class='ocrx_word' id='word_1_22' title='bbox 1141 841 1424 909; x_wconf 84' lang='lat' dir='ltr'>divinum</span> <span class='ocrx_word' id='word_1_23' title='bbox 1456 843 1784 927; x_wconf 77' lang='lat' dir='ltr'>respicere</span> <span class='ocrx_word' id='word_1_24' title='bbox 1816 841 2138 909; x_wconf 82' lang='lat' dir='ltr'>videatur:</span> <span class='ocrx_word' id='word_1_25' title='bbox 2170 844 2331 904; x_wconf 69' lang='grc' dir='ltr'>Μαί.</span> <span class='ocrx_word' id='word_1_26' title='bbox 2364 860 2417 904; x_wconf 86' lang='lat' dir='ltr'>c.</span> <span class='ocrx_word' id='word_1_27' title='bbox 2454 844 2554 904; x_wconf 88' lang='lat' dir='ltr'>Tr.</span> <span class='ocrx_word' id='word_1_28' title='bbox 2585 859 2637 905; x_wconf 91' lang='lat' dir='ltr'>c.</span> <span class='ocrx_word' id='word_1_29' title='bbox 2669 841 2809 917; x_wconf 83' lang='lat'>119,</span> 
     </span>
     <span class='ocr_line' id='line_1_5' title="bbox 488 952 2808 1049; baseline -0.002 -22"><span class='ocrx_word' id='word_1_30' title='bbox 488 983 550 1047; x_wconf 90' lang='lat' dir='ltr'>p.</span> <span class='ocrx_word' id='word_1_31' title='bbox 584 965 738 1031; x_wconf 82' lang='lat'>396:</span> <span class='ocrx_word' id='word_1_32' title='bbox 801 956 983 1049; x_wconf 83' lang='grc' dir='ltr'><strong><em>ἡμεῖς</em></strong></span> <span class='ocrx_word' id='word_1_33' title='bbox 1026 964 1106 1045; x_wconf 80' lang='grc' dir='ltr'>τῇ</span> <span class='ocrx_word' id='word_1_34' title='bbox 1153 964 1348 1045; x_wconf 78' lang='grc' dir='ltr'><strong><em>φωνῇ</em></strong></span> <span class='ocrx_word' id='word_1_35' title='bbox 1404 963 1524 1025; x_wconf 88' lang='grc' dir='ltr'><em>τοῦ</em></span> <span class='ocrx_word' id='word_1_36' title='bbox 1567 963 1759 1040; x_wconf 84' lang='grc' dir='ltr'><strong><em>θεοῦ,</em></strong></span> <span class='ocrx_word' id='word_1_37' title='bbox 1815 964 1897 1046; x_wconf 80' lang='grc' dir='ltr'>τῇ</span> <span class='ocrx_word' id='word_1_38' title='bbox 1951 956 2060 1027; x_wconf 79' lang='grc' dir='ltr'>διά</span> <span class='ocrx_word' id='word_1_39' title='bbox 2112 984 2182 1025; x_wconf 89' lang='grc' dir='ltr'>τε</span> <span class='ocrx_word' id='word_1_40' title='bbox 2226 961 2367 1024; x_wconf 75' lang='grc' dir='ltr'><strong><em>τῶν</em></strong></span> <span class='ocrx_word' id='word_1_41' title='bbox 2410 952 2808 1024; x_wconf 76' lang='grc' dir='ltr'><em>ἀποστόλων</em></span> 
     </span>
     <span class='ocr_line' id='line_1_6' title="bbox 489 1076 2803 1167; baseline -0.001 -22"><span class='ocrx_word' id='word_1_42' title='bbox 489 1084 608 1147; x_wconf 89' lang='grc' dir='ltr'><em>τοῦ</em></span> <span class='ocrx_word' id='word_1_43' title='bbox 650 1084 939 1166; x_wconf 79' lang='grc' dir='ltr'><strong><em>Χριστοῦ</em></strong></span> <span class='ocrx_word' id='word_1_44' title='bbox 993 1082 1349 1167; x_wconf 78' lang='grc' dir='ltr'><strong><em>λαληθείσῃ</em></strong></span> <span class='ocrx_word' id='word_1_45' title='bbox 1410 1076 1613 1146; x_wconf 79' lang='grc' dir='ltr'><strong><em>πάλιν</em></strong></span> <span class='ocrx_word' id='word_1_46' title='bbox 1657 1083 1769 1147; x_wconf 86' lang='grc' dir='ltr'>καὶ</span> <span class='ocrx_word' id='word_1_47' title='bbox 1820 1082 1900 1165; x_wconf 83' lang='grc' dir='ltr'>τῇ</span> <span class='ocrx_word' id='word_1_48' title='bbox 1946 1076 2054 1146; x_wconf 77' lang='grc' dir='ltr'>διὰ</span> <span class='ocrx_word' id='word_1_49' title='bbox 2096 1081 2236 1145; x_wconf 78' lang='grc' dir='ltr'><strong><em>τῶν</em></strong></span> <span class='ocrx_word' id='word_1_50' title='bbox 2277 1081 2649 1163; x_wconf 76' lang='grc' dir='ltr'><em>προφητῶν</em></span> <span class='ocrx_word' id='word_1_51' title='bbox 2692 1101 2803 1163; x_wconf 86' lang='grc' dir='ltr'>κη-</span> 
     </span>
     <span class='ocr_line' id='line_1_7' title="bbox 488 1193 2797 1288; baseline -0.003 -20"><span class='ocrx_word' id='word_1_52' title='bbox 488 1203 802 1287; x_wconf 79' lang='grc' dir='ltr'><strong><em>ρυχθείσῃ</em></strong></span> <span class='ocrx_word' id='word_1_53' title='bbox 839 1196 1022 1288; x_wconf 84' lang='grc' dir='ltr'><strong><em>ἡμῖν,</em></strong></span> <span class='ocrx_word' id='word_1_54' title='bbox 1065 1197 1524 1276; x_wconf 77' lang='grc' dir='ltr'><strong><em>πιστεύσαντες</em></strong></span> <span class='ocrx_word' id='word_1_55' title='bbox 1565 1200 1755 1285; x_wconf 81' lang='grc' dir='ltr'><strong><em>μέχρι</em></strong></span> <span class='ocrx_word' id='word_1_56' title='bbox 1797 1203 1918 1266; x_wconf 86' lang='grc' dir='ltr'><em>τοῦ</em></span> <span class='ocrx_word' id='word_1_57' title='bbox 1960 1193 2414 1285; x_wconf 71' lang='grc' dir='ltr'><strong><em>ἀποθνήσκειν</em></strong></span> <span class='ocrx_word' id='word_1_58' title='bbox 2452 1199 2614 1262; x_wconf 82' lang='grc' dir='ltr'><strong><em>πᾶσι</em></strong></span> <span class='ocrx_word' id='word_1_59' title='bbox 2656 1209 2797 1273; x_wconf 86' lang='grc' dir='ltr'><strong><em>τοῖς</em></strong></span> 
     </span>
     <span class='ocr_line' id='line_1_8' title="bbox 489 1313 2804 1404; baseline -0.002 -20"><span class='ocrx_word' id='word_1_60' title='bbox 489 1319 563 1384; x_wconf 79' lang='grc' dir='ltr'><strong><em>ἐν</em></strong></span> <span class='ocrx_word' id='word_1_61' title='bbox 605 1320 706 1404; x_wconf 78' lang='grc' dir='ltr'>τῷ</span> <span class='ocrx_word' id='word_1_62' title='bbox 748 1315 977 1404; x_wconf 82' lang='grc' dir='ltr'><strong><em>κόσμῳ</em></strong></span> <span class='ocrx_word' id='word_1_63' title='bbox 1032 1313 1514 1403; x_wconf 73' lang='grc' dir='ltr'><strong><em>ἀπεταξάμεθα.</em></strong></span> <span class='ocrx_word' id='word_1_64' title='bbox 1603 1320 1690 1384; x_wconf 84' lang='lat' dir='ltr'>Et</span> <span class='ocrx_word' id='word_1_65' title='bbox 1727 1325 1886 1385; x_wconf 74' lang='lat' dir='ltr'>mal.</span> <span class='ocrx_word' id='word_1_66' title='bbox 1916 1340 1970 1384; x_wconf 88' lang='lat' dir='ltr'>c.</span> <span class='ocrx_word' id='word_1_67' title='bbox 2009 1324 2106 1384; x_wconf 88' lang='lat' dir='ltr'>Tr.</span> <span class='ocrx_word' id='word_1_68' title='bbox 2151 1338 2205 1383; x_wconf 90' lang='lat' dir='ltr'>c.</span> <span class='ocrx_word' id='word_1_69' title='bbox 2237 1322 2298 1401; x_wconf 82' lang='grc'>9,</span> <span class='ocrx_word' id='word_1_70' title='bbox 2344 1338 2409 1402; x_wconf 89' lang='lat' dir='ltr'>p.</span> <span class='ocrx_word' id='word_1_71' title='bbox 2438 1319 2551 1381; x_wconf 81' lang='lat'>36:</span> <span class='ocrx_word' id='word_1_72' title='bbox 2611 1317 2804 1398; x_wconf 75' lang='grc' dir='ltr'><em>δείξω</em></span> 
     </span>
     <span class='ocr_line' id='line_1_9' title="bbox 488 1431 2805 1523; baseline -0.002 -19"><span class='ocrx_word' id='word_1_73' title='bbox 488 1432 594 1505; x_wconf 81' lang='grc' dir='ltr'>ὅτι</span> <span class='ocrx_word' id='word_1_74' title='bbox 637 1432 719 1503; x_wconf 83' lang='grc' dir='ltr'><strong><em>ού</em></strong></span> <span class='ocrx_word' id='word_1_75' title='bbox 756 1451 971 1515; x_wconf 84' lang='grc' dir='ltr'><strong><em>κενοῖς</em></strong></span> <span class='ocrx_word' id='word_1_76' title='bbox 1012 1434 1473 1522; x_wconf 83' lang='grc' dir='ltr'><strong><em>ἐπιστεύσαμεν</em></strong></span> <span class='ocrx_word' id='word_1_77' title='bbox 1515 1434 1782 1523; x_wconf 92' lang='grc' dir='ltr'><strong><em>μύθοις,</em></strong></span> <span class='ocrx_word' id='word_1_78' title='bbox 1829 1433 1982 1506; x_wconf 76' lang='grc' dir='ltr'>οὐδὲ</span> <span class='ocrx_word' id='word_1_79' title='bbox 2026 1431 2522 1512; x_wconf 73' lang='grc' dir='ltr'><strong><em>ἀναποδείκτοις</em></strong></span> <span class='ocrx_word' id='word_1_80' title='bbox 2567 1431 2805 1520; x_wconf 83' lang='grc' dir='ltr'><strong><em>λόγοις,</em></strong></span> 
     </span>
     <span class='ocr_line' id='line_1_10' title="bbox 489 1552 2803 1642; baseline -0.001 -19"><span class='ocrx_word' id='word_1_81' title='bbox 489 1552 658 1623; x_wconf 77' lang='grc' dir='ltr'><strong><em>ἀλλὰ</em></strong></span> <span class='ocrx_word' id='word_1_82' title='bbox 698 1570 957 1642; x_wconf 84' lang='grc' dir='ltr'><strong><em>μεστοῖς</em></strong></span> <span class='ocrx_word' id='word_1_83' title='bbox 999 1552 1366 1641; x_wconf 87' lang='grc' dir='ltr'><strong><em>πνεύματος</em></strong></span> <span class='ocrx_word' id='word_1_84' title='bbox 1411 1559 1598 1623; x_wconf 81' lang='grc' dir='ltr'><strong><em>θείου</em></strong></span> <span class='ocrx_word' id='word_1_85' title='bbox 1643 1559 1754 1624; x_wconf 87' lang='grc' dir='ltr'>καὶ</span> <span class='ocrx_word' id='word_1_86' title='bbox 1799 1553 2067 1642; x_wconf 76' lang='grc' dir='ltr'><strong><em>δυνάμει</em></strong></span> <span class='ocrx_word' id='word_1_87' title='bbox 2125 1552 2395 1642; x_wconf 82' lang='grc' dir='ltr'><strong><em>βρύουσι</em></strong></span> <span class='ocrx_word' id='word_1_88' title='bbox 2449 1557 2561 1621; x_wconf 88' lang='grc' dir='ltr'>καὶ</span> <span class='ocrx_word' id='word_1_89' title='bbox 2610 1561 2803 1639; x_wconf 84' lang='grc' dir='ltr'><strong><em>τεθη-</em></strong></span> 
     </span>
     <span class='ocr_line' id='line_1_11' title="bbox 489 1673 2806 1764; baseline -0.002 -21"><span class='ocrx_word' id='word_1_90' title='bbox 489 1674 634 1745; x_wconf 79' lang='grc' dir='ltr'><strong><em>λόσι</em></strong></span> <span class='ocrx_word' id='word_1_91' title='bbox 679 1673 910 1763; x_wconf 81' lang='grc' dir='ltr'><strong><em>χάριτι.</em></strong></span> <span class='ocrx_word' id='word_1_92' title='bbox 985 1677 1072 1742; x_wconf 93' lang='lat' dir='ltr'>At</span> <span class='ocrx_word' id='word_1_93' title='bbox 1127 1676 1286 1742; x_wconf 88' lang='lat' dir='ltr'>nihil</span> <span class='ocrx_word' id='word_1_94' title='bbox 1336 1676 1631 1764; x_wconf 89' lang='lat' dir='ltr'>impedit,</span> <span class='ocrx_word' id='word_1_95' title='bbox 1688 1679 2023 1762; x_wconf 78' lang='lat' dir='ltr'>quominus</span> <span class='ocrx_word' id='word_1_96' title='bbox 2071 1676 2440 1759; x_wconf 73' lang='lat' dir='ltr'>credamne,</span> <span class='ocrx_word' id='word_1_97' title='bbox 2485 1675 2806 1741; x_wconf 68' lang='lat' dir='ltr'>‚Iustinum</span> 
     </span>
     <span class='ocr_line' id='line_1_12' title="bbox 489 1793 2804 1883; baseline -0.003 -20"><span class='ocrx_word' id='word_1_98' title='bbox 489 1798 590 1864; x_wconf 88' lang='lat' dir='ltr'>his</span> <span class='ocrx_word' id='word_1_99' title='bbox 629 1798 793 1865; x_wconf 88' lang='lat' dir='ltr'>locis</span> <span class='ocrx_word' id='word_1_100' title='bbox 840 1797 1083 1863; x_wconf 88' lang='lat' dir='ltr'>oralem</span> <span class='ocrx_word' id='word_1_101' title='bbox 1131 1797 1568 1882; x_wconf 88' lang='lat' dir='ltr'>apostolorum</span> <span class='ocrx_word' id='word_1_102' title='bbox 1606 1797 2159 1883; x_wconf 77' lang='lat' dir='ltr'>praedicationem</span> <span class='ocrx_word' id='word_1_103' title='bbox 2186 1797 2254 1862; x_wconf 92' lang='lat' dir='ltr'>in</span> <span class='ocrx_word' id='word_1_104' title='bbox 2285 1802 2500 1862; x_wconf 88' lang='lat' dir='ltr'>mente</span> <span class='ocrx_word' id='word_1_105' title='bbox 2542 1793 2804 1860; x_wconf 86' lang='lat' dir='ltr'>habere.</span> 
     </span>
     <span class='ocr_line' id='line_1_13' title="bbox 489 1913 2803 2003; baseline -0.002 -20"><span class='ocrx_word' id='word_1_106' title='bbox 489 1919 705 1997; x_wconf 83' lang='lat' dir='ltr'>Quare</span> <span class='ocrx_word' id='word_1_107' title='bbox 769 1937 977 2001; x_wconf 90' lang='lat' dir='ltr'>neque</span> <span class='ocrx_word' id='word_1_108' title='bbox 1040 1918 1345 2003; x_wconf 87' lang='lat' dir='ltr'>imposita</span> <span class='ocrx_word' id='word_1_109' title='bbox 1403 1923 1505 1984; x_wconf 85' lang='lat' dir='ltr'>est</span> <span class='ocrx_word' id='word_1_110' title='bbox 1569 1917 1755 1983; x_wconf 92' lang='lat' dir='ltr'>nobis</span> <span class='ocrx_word' id='word_1_111' title='bbox 1822 1918 2185 1984; x_wconf 78' lang='lat' dir='ltr'>necessitas</span> <span class='ocrx_word' id='word_1_112' title='bbox 2248 1913 2539 2001; x_wconf 84' lang='lat' dir='ltr'>negandi</span> <span class='ocrx_word' id='word_1_113' title='bbox 2593 1932 2803 1998; x_wconf 88' lang='lat' dir='ltr'>neque</span> 
     </span>
     <span class='ocr_line' id='line_1_14' title="bbox 492 2034 2801 2125; baseline -0.001 -22"><span class='ocrx_word' id='word_1_114' title='bbox 492 2036 651 2104; x_wconf 90' lang='lat' dir='ltr'>data</span> <span class='ocrx_word' id='word_1_115' title='bbox 706 2044 999 2124; x_wconf 90' lang='lat' dir='ltr'>potestas</span> <span class='ocrx_word' id='word_1_116' title='bbox 1058 2037 1547 2125; x_wconf 88' lang='lat' dir='ltr'>comprobandi,</span> <span class='ocrx_word' id='word_1_117' title='bbox 1604 2036 1956 2122; x_wconf 87' lang='lat' dir='ltr'>Justinum,</span> <span class='ocrx_word' id='word_1_118' title='bbox 2027 2037 2133 2121; x_wconf 93' lang='lat' dir='ltr'>qui</span> <span class='ocrx_word' id='word_1_119' title='bbox 2188 2035 2538 2102; x_wconf 83' lang='lat' dir='ltr'>maximam</span> <span class='ocrx_word' id='word_1_120' title='bbox 2601 2034 2801 2102; x_wconf 87' lang='lat' dir='ltr'>eccle·</span> 
     </span>
     <span class='ocr_line' id='line_1_15' title="bbox 487 2149 2802 2243; baseline -0.001 -20"><span class='ocrx_word' id='word_1_121' title='bbox 487 2158 626 2224; x_wconf 87' lang='lat' dir='ltr'>siae</span> <span class='ocrx_word' id='word_1_122' title='bbox 668 2164 921 2243; x_wconf 89' lang='lat' dir='ltr'>partem</span> <span class='ocrx_word' id='word_1_123' title='bbox 967 2159 1371 2243; x_wconf 82' lang='lat' dir='ltr'>peragravit,</span> <span class='ocrx_word' id='word_1_124' title='bbox 1428 2159 1645 2224; x_wconf 88' lang='lat' dir='ltr'>omnia</span> <span class='ocrx_word' id='word_1_125' title='bbox 1687 2158 1805 2223; x_wconf 90' lang='lat' dir='ltr'>illa</span> <span class='ocrx_word' id='word_1_126' title='bbox 1836 2149 2345 2242; x_wconf 81' lang='grc' dir='ltr'><strong><em>ὁμολογούμενα,</em></strong></span> <span class='ocrx_word' id='word_1_127' title='bbox 2391 2176 2560 2240; x_wconf 90' lang='lat' dir='ltr'>quae</span> <span class='ocrx_word' id='word_1_128' title='bbox 2590 2173 2802 2221; x_wconf 88' lang='lat' dir='ltr'>canon</span> 
     </span>
     <span class='ocr_line' id='line_1_16' title="bbox 487 2275 2804 2365; baseline -0.002 -22"><span class='ocrx_word' id='word_1_129' title='bbox 487 2277 961 2344; x_wconf 83' lang='lat' dir='ltr'>Muratorianus</span> <span class='ocrx_word' id='word_1_130' title='bbox 1008 2279 1316 2364; x_wconf 86' lang='lat' dir='ltr'>continet,</span> <span class='ocrx_word' id='word_1_131' title='bbox 1358 2279 1619 2344; x_wconf 88' lang='lat' dir='ltr'>novisse</span> <span class='ocrx_word' id='word_1_132' title='bbox 1674 2284 1740 2344; x_wconf 92' lang='lat' dir='ltr'>et</span> <span class='ocrx_word' id='word_1_133' title='bbox 1781 2278 1925 2365; x_wconf 89' lang='lat' dir='ltr'>pari</span> <span class='ocrx_word' id='word_1_134' title='bbox 1970 2297 2048 2343; x_wconf 88' lang='lat' dir='ltr'>ac</span> <span class='ocrx_word' id='word_1_135' title='bbox 2092 2277 2335 2360; x_wconf 87' lang='lat' dir='ltr'>scripta</span> <span class='ocrx_word' id='word_1_136' title='bbox 2379 2275 2632 2342; x_wconf 83' lang='lat' dir='ltr'>Veteris</span> <span class='ocrx_word' id='word_1_137' title='bbox 2679 2276 2804 2339; x_wconf 87' lang='lat' dir='ltr'>Te-</span> 
     </span>
     <span class='ocr_line' id='line_1_17' title="bbox 489 2395 2804 2485; baseline -0.002 -22"><span class='ocrx_word' id='word_1_138' title='bbox 489 2397 795 2464; x_wconf 91' lang='lat' dir='ltr'>stamenti</span> <span class='ocrx_word' id='word_1_139' title='bbox 846 2397 1089 2465; x_wconf 94' lang='lat' dir='ltr'>honore</span> <span class='ocrx_word' id='word_1_140' title='bbox 1150 2405 1556 2485; x_wconf 89' lang='lat' dir='ltr'>prosecutum</span> <span class='ocrx_word' id='word_1_141' title='bbox 1612 2418 1779 2465; x_wconf 87' lang='lat' dir='ltr'>esse.</span> <span class='ocrx_word' id='word_1_142' title='bbox 1868 2395 2282 2464; x_wconf 85' lang='lat' dir='ltr'>Considerari</span> <span class='ocrx_word' id='word_1_143' title='bbox 2337 2414 2492 2461; x_wconf 83' lang='lat' dir='ltr'>vero</span> <span class='ocrx_word' id='word_1_144' title='bbox 2549 2398 2804 2479; x_wconf 92' lang='lat' dir='ltr'>oportet</span> 
     </span>
     <span class='ocr_line' id='line_1_18' title="bbox 484 2513 2804 2605; baseline -0.002 -22"><span class='ocrx_word' id='word_1_145' title='bbox 484 2516 677 2585; x_wconf 91' lang='lat' dir='ltr'>finem</span> <span class='ocrx_word' id='word_1_146' title='bbox 711 2517 1013 2585; x_wconf 89' lang='lat' dir='ltr'>librorum</span> <span class='ocrx_word' id='word_1_147' title='bbox 1042 2518 1278 2585; x_wconf 86' lang='lat' dir='ltr'>Justini</span> <span class='ocrx_word' id='word_1_148' title='bbox 1323 2518 1740 2605; x_wconf 86' lang='lat' dir='ltr'>superstitum</span> <span class='ocrx_word' id='word_1_149' title='bbox 1791 2517 2282 2605; x_wconf 83' lang='lat' dir='ltr'>apologeticum.</span> <span class='ocrx_word' id='word_1_150' title='bbox 2349 2515 2638 2582; x_wconf 68' lang='lat' dir='ltr'>‚Iustinus</span> <span class='ocrx_word' id='word_1_151' title='bbox 2670 2513 2804 2580; x_wconf 93' lang='lat' dir='ltr'>ubi-</span> 
     </span>
     <span class='ocr_line' id='line_1_19' title="bbox 488 2634 2807 2738; baseline -0.001 -36"><span class='ocrx_word' id='word_1_152' title='bbox 488 2658 631 2723; x_wconf 86' lang='lat' dir='ltr'>que,</span> <span class='ocrx_word' id='word_1_153' title='bbox 677 2637 1057 2724; x_wconf 86' lang='lat' dir='ltr'>praesertim</span> <span class='ocrx_word' id='word_1_154' title='bbox 1102 2638 1171 2704; x_wconf 93' lang='lat' dir='ltr'>in</span> <span class='ocrx_word' id='word_1_155' title='bbox 1214 2639 1568 2738; x_wconf 47' lang='lat' dir='ltr'>Apologus,</span> <span class='ocrx_word' id='word_1_156' title='bbox 1614 2638 1832 2704; x_wconf 91' lang='lat' dir='ltr'>omnia</span> <span class='ocrx_word' id='word_1_157' title='bbox 1877 2659 1918 2703; x_wconf 90' lang='lat' dir='ltr'>a</span> <span class='ocrx_word' id='word_1_158' title='bbox 1964 2637 2217 2704; x_wconf 84' lang='lat' dir='ltr'>Christo</span> <span class='ocrx_word' id='word_1_159' title='bbox 2262 2644 2592 2720; x_wconf 86' lang='lat' dir='ltr'>tamquam</span> <span class='ocrx_word' id='word_1_160' title='bbox 2637 2634 2807 2720; x_wconf 91' lang='lat' dir='ltr'>prin·</span> 
     </span>
     <span class='ocr_line' id='line_1_20' title="bbox 488 2750 2809 2843; baseline -0.002 -19"><span class='ocrx_word' id='word_1_161' title='bbox 488 2757 655 2843; x_wconf 91' lang='lat' dir='ltr'>cipio</span> <span class='ocrx_word' id='word_1_162' title='bbox 701 2750 960 2825; x_wconf 90' lang='lat' dir='ltr'>deducit</span> <span class='ocrx_word' id='word_1_163' title='bbox 1003 2765 1069 2824; x_wconf 91' lang='lat' dir='ltr'>et</span> <span class='ocrx_word' id='word_1_164' title='bbox 1110 2765 1456 2843; x_wconf 87' lang='lat' dir='ltr'>propterea</span> <span class='ocrx_word' id='word_1_165' title='bbox 1488 2760 1700 2825; x_wconf 88' lang='lat' dir='ltr'>verbis</span> <span class='ocrx_word' id='word_1_166' title='bbox 1732 2758 2213 2842; x_wconf 83' lang='lat' dir='ltr'>evangeliorum</span> <span class='ocrx_word' id='word_1_167' title='bbox 2259 2763 2325 2823; x_wconf 94' lang='lat' dir='ltr'>et</span> <span class='ocrx_word' id='word_1_168' title='bbox 2354 2757 2627 2824; x_wconf 89' lang='lat' dir='ltr'>oraculis</span> <span class='ocrx_word' id='word_1_169' title='bbox 2662 2776 2809 2842; x_wconf 88' lang='lat' dir='ltr'>pro-</span> 
     </span>
     <span class='ocr_line' id='line_1_21' title="bbox 488 2876 2806 2963; baseline 0 -21"><span class='ocrx_word' id='word_1_170' title='bbox 488 2876 825 2962; x_wconf 87' lang='lat' dir='ltr'>phetarum</span> <span class='ocrx_word' id='word_1_171' title='bbox 844 2877 1041 2963; x_wconf 84' lang='lat' dir='ltr'>fulcit,</span> <span class='ocrx_word' id='word_1_172' title='bbox 1058 2898 1225 2961; x_wconf 92' lang='lat' dir='ltr'>quae</span> <span class='ocrx_word' id='word_1_173' title='bbox 1246 2877 1436 2944; x_wconf 91' lang='lat' dir='ltr'>ambo</span> <span class='ocrx_word' id='word_1_174' title='bbox 1463 2877 1945 2945; x_wconf 85' lang='lat' dir='ltr'>fundamentum</span> <span class='ocrx_word' id='word_1_175' title='bbox 1967 2878 2383 2944; x_wconf 89' lang='lat' dir='ltr'>institutionis</span> <span class='ocrx_word' id='word_1_176' title='bbox 2412 2876 2806 2943; x_wconf 88' lang='lat' dir='ltr'>christianae</span> 
     </span>
     <span class='ocr_line' id='line_1_22' title="bbox 492 2996 2811 3082; baseline -0.001 -19"><span class='ocrx_word' id='word_1_177' title='bbox 492 3003 694 3063; x_wconf 89' lang='lat' dir='ltr'>erant.</span> <span class='ocrx_word' id='word_1_178' title='bbox 782 2999 886 3063; x_wconf 85' lang='lat' dir='ltr'>Ex</span> <span class='ocrx_word' id='word_1_179' title='bbox 940 2997 1069 3082; x_wconf 90' lang='lat' dir='ltr'>his,</span> <span class='ocrx_word' id='word_1_180' title='bbox 1133 3017 1299 3082; x_wconf 87' lang='lat' dir='ltr'>quae</span> <span class='ocrx_word' id='word_1_181' title='bbox 1352 2996 1545 3064; x_wconf 92' lang='lat' dir='ltr'>modo</span> <span class='ocrx_word' id='word_1_182' title='bbox 1599 2998 1905 3082; x_wconf 75' lang='lat' dir='ltr'>diximuS,</span> <span class='ocrx_word' id='word_1_183' title='bbox 1971 2999 2165 3065; x_wconf 90' lang='lat' dir='ltr'>etiam</span> <span class='ocrx_word' id='word_1_184' title='bbox 2214 2997 2640 3081; x_wconf 85' lang='lat' dir='ltr'>cognoscitur,</span> <span class='ocrx_word' id='word_1_185' title='bbox 2699 3016 2811 3061; x_wconf 91' lang='lat' dir='ltr'>cur</span> 
     </span>
     <span class='ocr_line' id='line_1_23' title="bbox 488 3117 2806 3205; baseline 0 -23"><span class='ocrx_word' id='word_1_186' title='bbox 488 3124 661 3198; x_wconf 83' lang='lat' dir='ltr'><em>Apol.</em></span> <span class='ocrx_word' id='word_1_187' title='bbox 683 3120 732 3203; x_wconf 86' lang='grc' dir='ltr'>Ι,</span> <span class='ocrx_word' id='word_1_188' title='bbox 755 3121 835 3182; x_wconf 88' lang='grc'>67</span> <span class='ocrx_word' id='word_1_189' title='bbox 867 3123 1130 3205; x_wconf 90' lang='lat' dir='ltr'>praeter</span> <span class='ocrx_word' id='word_1_190' title='bbox 1161 3119 1609 3185; x_wconf 87' lang='lat' dir='ltr'>memorabilia</span> <span class='ocrx_word' id='word_1_191' title='bbox 1640 3119 1773 3184; x_wconf 89' lang='lat' dir='ltr'>alia</span> <span class='ocrx_word' id='word_1_192' title='bbox 1799 3119 2062 3203; x_wconf 90' lang='lat' dir='ltr'>insuper</span> <span class='ocrx_word' id='word_1_193' title='bbox 2108 3119 2349 3205; x_wconf 89' lang='lat' dir='ltr'>scripta</span> <span class='ocrx_word' id='word_1_194' title='bbox 2377 3117 2547 3183; x_wconf 82' lang='lat' dir='ltr'>Novi</span> <span class='ocrx_word' id='word_1_195' title='bbox 2576 3119 2806 3183; x_wconf 85' lang='lat' dir='ltr'>Testa-</span> 
     </span>
     <span class='ocr_line' id='line_1_24' title="bbox 488 3238 2805 3324; baseline -0.001 -20"><span class='ocrx_word' id='word_1_196' title='bbox 488 3239 689 3304; x_wconf 91' lang='lat' dir='ltr'>menti</span> <span class='ocrx_word' id='word_1_197' title='bbox 719 3259 851 3304; x_wconf 94' lang='lat' dir='ltr'>non</span> <span class='ocrx_word' id='word_1_198' title='bbox 881 3246 1471 3305; x_wconf 85' lang='lat' dir='ltr'>commemorentur.</span> <span class='ocrx_word' id='word_1_199' title='bbox 1545 3240 1693 3305; x_wconf 89' lang='lat' dir='ltr'>Non</span> <span class='ocrx_word' id='word_1_200' title='bbox 1736 3238 2203 3324; x_wconf 88' lang='lat' dir='ltr'>adstipulamur</span> <span class='ocrx_word' id='word_1_201' title='bbox 2237 3240 2650 3323; x_wconf 63' lang='lat' dir='ltr'>Thierschiffl,</span> <span class='ocrx_word' id='word_1_202' title='bbox 2697 3238 2805 3321; x_wconf 90' lang='lat' dir='ltr'>qui</span> 
     </span>
     <span class='ocr_line' id='line_1_25' title="bbox 489 3352 2805 3445; baseline -0 -21"><span class='ocrx_word' id='word_1_203' title='bbox 489 3357 601 3424; x_wconf 92' lang='lat' dir='ltr'>illo</span> <span class='ocrx_word' id='word_1_204' title='bbox 639 3358 783 3425; x_wconf 89' lang='lat' dir='ltr'>loco</span> <span class='ocrx_word' id='word_1_205' title='bbox 839 3354 921 3424; x_wconf 84' lang='grc' dir='ltr'>τὰ</span> <span class='ocrx_word' id='word_1_206' title='bbox 965 3352 1602 3445; x_wconf 82' lang='grc' dir='ltr'><strong><em>ἀπομνημονεύματα</em></strong></span> <span class='ocrx_word' id='word_1_207' title='bbox 1646 3379 1762 3444; x_wconf 94' lang='lat' dir='ltr'>pro</span> <span class='ocrx_word' id='word_1_208' title='bbox 1810 3359 2130 3425; x_wconf 89' lang='lat' dir='ltr'>communi</span> <span class='ocrx_word' id='word_1_209' title='bbox 2175 3358 2455 3424; x_wconf 90' lang='lat' dir='ltr'>omnium</span> <span class='ocrx_word' id='word_1_210' title='bbox 2503 3356 2805 3424; x_wconf 90' lang='lat' dir='ltr'>librorum</span> 
     </span>
     <span class='ocr_line' id='line_1_26' title="bbox 491 3476 2809 3563; baseline 0 -20"><span class='ocrx_word' id='word_1_211' title='bbox 491 3478 658 3545; x_wconf 89' lang='lat' dir='ltr'>Novi</span> <span class='ocrx_word' id='word_1_212' title='bbox 702 3480 1103 3544; x_wconf 87' lang='lat' dir='ltr'>Testamenti</span> <span class='ocrx_word' id='word_1_213' title='bbox 1149 3479 1406 3545; x_wconf 92' lang='lat' dir='ltr'>nomine</span> <span class='ocrx_word' id='word_1_214' title='bbox 1437 3476 1655 3544; x_wconf 89' lang='lat' dir='ltr'>habet.</span> <span class='ocrx_word' id='word_1_215' title='bbox 1744 3479 1912 3543; x_wconf 89' lang='lat' dir='ltr'>Nam</span> <span class='ocrx_word' id='word_1_216' title='bbox 1957 3478 2315 3563; x_wconf 90' lang='lat' dir='ltr'>ubicunque</span> <span class='ocrx_word' id='word_1_217' title='bbox 2344 3477 2634 3543; x_wconf 85' lang='lat' dir='ltr'>Justinus</span> <span class='ocrx_word' id='word_1_218' title='bbox 2678 3499 2809 3545; x_wconf 89' lang='lat' dir='ltr'>me-</span> 
     </span>
     <span class='ocr_line' id='line_1_27' title="bbox 487 3597 2806 3684; baseline 0 -23"><span class='ocrx_word' id='word_1_219' title='bbox 487 3597 886 3664; x_wconf 88' lang='lat' dir='ltr'>morabilium</span> <span class='ocrx_word' id='word_1_220' title='bbox 932 3599 1371 3684; x_wconf 89' lang='lat' dir='ltr'>apostolorum</span> <span class='ocrx_word' id='word_1_221' title='bbox 1416 3599 1807 3664; x_wconf 90' lang='lat' dir='ltr'>mentionem</span> <span class='ocrx_word' id='word_1_222' title='bbox 1851 3598 2024 3682; x_wconf 85' lang='lat' dir='ltr'>facit,</span> <span class='ocrx_word' id='word_1_223' title='bbox 2073 3597 2417 3682; x_wconf 83' lang='lat' dir='ltr'>evangelia</span> <span class='ocrx_word' id='word_1_224' title='bbox 2460 3603 2708 3665; x_wconf 90' lang='lat' dir='ltr'>tantum</span> <span class='ocrx_word' id='word_1_225' title='bbox 2737 3598 2806 3662; x_wconf 91' lang='lat' dir='ltr'>in</span> 
     </span>
     <span class='ocr_line' id='line_1_28' title="bbox 491 3716 2805 3804; baseline 0.001 -23"><span class='ocrx_word' id='word_1_226' title='bbox 491 3717 707 3783; x_wconf 89' lang='lat' dir='ltr'>animo</span> <span class='ocrx_word' id='word_1_227' title='bbox 759 3717 973 3785; x_wconf 91' lang='lat' dir='ltr'>habet.</span> <span class='ocrx_word' id='word_1_228' title='bbox 1061 3719 1228 3803; x_wconf 92' lang='lat' dir='ltr'>Imo,</span> <span class='ocrx_word' id='word_1_229' title='bbox 1284 3716 1437 3802; x_wconf 90' lang='lat' dir='ltr'>quia</span> <span class='ocrx_word' id='word_1_230' title='bbox 1492 3724 1691 3786; x_wconf 87' lang='lat' dir='ltr'>antea</span> <span class='ocrx_word' id='word_1_231' title='bbox 1744 3718 1826 3785; x_wconf 89' lang='lat' dir='ltr'>de</span> <span class='ocrx_word' id='word_1_232' title='bbox 1888 3718 2065 3785; x_wconf 90' lang='lat' dir='ltr'>libris</span> <span class='ocrx_word' id='word_1_233' title='bbox 2119 3725 2365 3785; x_wconf 89' lang='lat' dir='ltr'>tantum</span> <span class='ocrx_word' id='word_1_234' title='bbox 2410 3716 2805 3804; x_wconf 88' lang='lat' dir='ltr'>propheticis</span> 
     </span>
     <span class='ocr_line' id='line_1_29' title="bbox 492 3837 2805 3924; baseline 0 -21"><span class='ocrx_word' id='word_1_235' title='bbox 492 3843 558 3903; x_wconf 89' lang='lat' dir='ltr'>et</span> <span class='ocrx_word' id='word_1_236' title='bbox 612 3837 1009 3923; x_wconf 86' lang='lat' dir='ltr'>evangelicis</span> <span class='ocrx_word' id='word_1_237' title='bbox 1061 3837 1308 3904; x_wconf 85' lang='lat' dir='ltr'>locutus</span> <span class='ocrx_word' id='word_1_238' title='bbox 1360 3839 1566 3924; x_wconf 90' lang='lat' dir='ltr'>iisque</span> <span class='ocrx_word' id='word_1_239' title='bbox 1623 3859 1778 3904; x_wconf 92' lang='lat' dir='ltr'>usus</span> <span class='ocrx_word' id='word_1_240' title='bbox 1835 3845 1936 3905; x_wconf 88' lang='lat' dir='ltr'>est</span> <span class='ocrx_word' id='word_1_241' title='bbox 1998 3844 2327 3923; x_wconf 88' lang='lat' dir='ltr'>tamquam</span> <span class='ocrx_word' id='word_1_242' title='bbox 2392 3837 2805 3904; x_wconf 80' lang='lat' dir='ltr'>fundamento</span> 
     </span>
     <span class='ocr_line' id='line_1_30' title="bbox 492 3955 2808 4042; baseline 0 -19"><span class='ocrx_word' id='word_1_243' title='bbox 492 3955 869 4024; x_wconf 89' lang='lat' dir='ltr'>eruditionis</span> <span class='ocrx_word' id='word_1_244' title='bbox 915 3964 979 4024; x_wconf 88' lang='lat' dir='ltr'>et</span> <span class='ocrx_word' id='word_1_245' title='bbox 1024 3957 1355 4025; x_wconf 87' lang='lat' dir='ltr'>doctrinae</span> <span class='ocrx_word' id='word_1_246' title='bbox 1402 3957 1815 4042; x_wconf 86' lang='lat' dir='ltr'>christianae,</span> <span class='ocrx_word' id='word_1_247' title='bbox 1863 3957 2307 4025; x_wconf 90' lang='lat' dir='ltr'>memorabilia</span> <span class='ocrx_word' id='word_1_248' title='bbox 2351 3959 2494 4024; x_wconf 91' lang='lat' dir='ltr'>sola</span> <span class='ocrx_word' id='word_1_249' title='bbox 2540 3977 2808 4023; x_wconf 88' lang='lat' dir='ltr'>comme-</span> 
     </span>
     <span class='ocr_line' id='line_1_31' title="bbox 488 4077 2162 4164; baseline 0.001 -22"><span class='ocrx_word' id='word_1_250' title='bbox 488 4083 697 4143; x_wconf 91' lang='lat' dir='ltr'>morat</span> <span class='ocrx_word' id='word_1_251' title='bbox 741 4083 807 4144; x_wconf 92' lang='lat' dir='ltr'>et</span> <span class='ocrx_word' id='word_1_252' title='bbox 852 4078 1163 4164; x_wconf 87' lang='lat' dir='ltr'>epistolas</span> <span class='ocrx_word' id='word_1_253' title='bbox 1209 4079 1645 4164; x_wconf 88' lang='lat' dir='ltr'>apostolorum</span> <span class='ocrx_word' id='word_1_254' title='bbox 1694 4077 2162 4163; x_wconf 86' lang='lat' dir='ltr'>praetermittit.</span> 
     </span>
    </p>
   </div>
   <div class='ocr_carea' id='block_1_3' title="bbox 623 4218 850 4226">
    <p class='ocr_par' dir='ltr' id='par_1_3' title="bbox 623 4218 850 4226">
     <span class='ocr_line' id='line_1_32' title="bbox 623 4218 850 4226; baseline 0 0"><span class='ocrx_word' id='word_1_255' title='bbox 623 4218 850 4226; x_wconf 95' lang='lat' dir='ltr'> </span> 
     </span>
    </p>
   </div>
   <div class='ocr_carea' id='block_1_4' title="bbox 631 4283 1064 4358">
    <p class='ocr_par' dir='ltr' id='par_1_4' title="bbox 631 4283 1064 4358">
     <span class='ocr_line' id='line_1_33' title="bbox 631 4283 1064 4358; baseline 0 -17"><span class='ocrx_word' id='word_1_256' title='bbox 631 4283 652 4330; x_wconf 74' lang='lat'><strong>¹</strong></span> <span class='ocrx_word' id='word_1_257' title='bbox 697 4284 759 4342; x_wconf 86' lang='lat' dir='ltr'>L.</span> <span class='ocrx_word' id='word_1_258' title='bbox 787 4299 831 4338; x_wconf 87' lang='lat' dir='ltr'>c.</span> <span class='ocrx_word' id='word_1_259' title='bbox 865 4301 921 4358; x_wconf 84' lang='lat' dir='ltr'>p.</span> <span class='ocrx_word' id='word_1_260' title='bbox 948 4285 1064 4341; x_wconf 80' lang='lat'><strong>355.</strong></span> 
     </span>
    </p>
   </div>
   <div class='ocr_carea' id='block_1_5' title="bbox 1442 4425 1849 4434">
    <p class='ocr_par' dir='ltr' id='par_1_5' title="bbox 1442 4425 1849 4434">
     <span class='ocr_line' id='line_1_34' title="bbox 1442 4425 1849 4434; baseline -0.01 0"><span class='ocrx_word' id='word_1_261' title='bbox 1442 4425 1849 4434; x_wconf 48' lang='grc' dir='ltr'>μ..-</span> 
     </span>
    </p>
   </div>
  </div>
 </body>
</html>
