3264 5076
1531 403 1619 477 53

415 634 639 695 eontra
696 628 971 713 gentiles
1025 628 1375 714 praecipue
1434 629 1662 694 mirum
1713 626 1892 692 illum
1947 624 2434 712 prophetarum,
2500 627 2721 708 utpote

415 747 717 814 divinitus
764 747 1150 828 edoctorum,
1200 768 1583 815 consensum
1632 746 1714 814 de
1767 745 2354 812 fundamentalibus
2385 763 2582 811 verae
2624 764 2721 810 re-

411 866 669 951 ligionis
718 866 1004 934 articulis
1048 890 1309 955 urgere3
1355 875 1424 933 at
1453 887 1787 953 neg-amne,
1836 886 1949 933 eos
1977 863 2592 951 historiographiam
2621 883 2721 929 sa-

413 1007 583 1051 cram
628 1006 759 1051 non
806 987 888 1053 ab
936 986 1170 1054 eadem
1216 988 1491 1073 Spiritus
1551 987 1751 1054 divini
1798 985 2087 1051 efficacia
2137 991 2453 1069 repetere.
2551 984 2721 1049 Nam

394 1112 659 1184 primum
707 1105 893 1172 sicuti
924 1127 965 1171 a
999 1106 1272 1174 Philone
1321 1114 1384 1173 et
1417 1106 1705 1192 Josepho
1742 1107 1937 1171 etiam
1966 1105 2049 1170 ab
2088 1104 2448 1190 apologetis
2497 1123 2721 1170 omnes

410 1226 662 1292 Veteris
710 1228 1115 1292 Testamenti
1160 1228 1502 1312 scriptores
1545 1223 1905 1310 prophetae
1950 1224 2374 1289 nominantur.
2452 1229 2725 1288 Iustinus

414 1344 565 1411 dicit
608 1347 775 1412 Mosi
819 1345 1027 1430 primo
1074 1345 1357 1413 divinum
1403 1345 1559 1412 illud
1615 1353 1680 1411 et
1733 1344 2173 1431 propheticum
2229 1343 2497 1428 donum,
2552 1341 2725 1426 quod

410 1470 537 1529 tum
594 1465 905 1550 temporis
960 1465 1028 1530 in
1085 1473 1347 1533 sanctos
1412 1466 1707 1532 homines
1780 1466 2045 1532 coelitus
2109 1449 2544 1544 descenderit,
2615 1462 2727 1528 im-

415 1585 712 1668 pertitum
760 1604 922 1670 esse,
968 1607 1051 1653 ac
1092 1586 1399 1672 deinceps
1447 1585 1676 1654 ceteris
1720 1591 1872 1670 post
1916 1606 2062 1652 eum
2106 1583 2459 1669 prophetis,
2508 1583 2615 1666 qui
2663 1588 2728 1648 et

417 1702 586 1769 idem
637 1703 871 1770 donum
919 1707 1246 1772 consecuti
1299 1707 1425 1772 sint
1470 1713 1535 1772 et
1582 1725 1808 1772 omnes
1856 1703 2084 1770 eadem
2137 1701 2369 1768 iisdem
2414 1701 2494 1768 de
2539 1702 2731 1768 rebus

418 1821 797 1889 docuerint.¹
915 1826 1203 1891 Priorem
1244 1829 1490 1909 Regum
1546 1825 1775 1891 librum
1835 1824 2080 1906 allegat
2123 1829 2452 1906 tamquam
2497 1822 2729 1887 librum

426 1965 466 2008 a
497 1941 814 2028 propheta
858 1945 1340 2030 conscriptum.2
1437 1946 1704 2012 Ceteros
1748 1964 1903 2010 vero
1951 1942 2333 2028 apologetas
2380 1941 2505 2008 hac
2548 1942 2616 2006 in
2658 1961 2730 2008 re

560 2219 581 2256 ¹
647 2216 765 2271 0072.
803 2221 876 2271 ad
924 2217 1015 2271 Gr.
1055 2220 1217 2284 (210,
1256 2234 1308 2286 p.
1339 2220 1428 2269 38:
1484 2213 1668 2290 Τούτῳ
1716 2218 1935 2285 πρῶτον
1972 2212 2001 2268 ὅ
2047 2212 2181 2274 θεὸς
2222 2216 2318 2268 καὶ
2365 2209 2465 2285 τὴν
2510 2212 2735 2268 ἄνωθεν

426 2295 517 2354 ἐπὶ
552 2297 675 2360 τοὺς
717 2299 906 2373 ἁγίους
945 2300 1158 2373 ἄνδρας
1194 2304 1360 2355 θείαν
1395 2302 1488 2354 καὶ
1535 2297 1888 2373 προφητικὴν
1922 2303 2217 2371 τηνικαῦτα
2261 2302 2561 2354 κατιοῦσαν
2597 2319 2733 2373 παρ-

425 2387 553 2458 έσχε
593 2383 829 2462 δωρεὰν,
865 2388 959 2441 καὶ
992 2389 1210 2460 πρῶτον
1236 2390 1329 2457 τῆς
1364 2388 1687 2456 θεοσεβείας
1723 2384 1879 2458 ἡμῶν
1907 2382 2249 2439 διδάσκαλον
2279 2385 2556 2456 γενέσθαι
2593 2405 2708 2456 παρ

427 2468 754 2526 εσκεῦασεν·
804 2467 923 2526 εἶτα
956 2470 1074 2546 μετ’
1117 2470 1283 2528 αὑτὸν
1322 2469 1472 2531 τοὺς
1508 2468 1790 2530 λοιποὺς
1832 2467 2221 2544 προφήτας,
2256 2467 2382 2529 τοὺς
2413 2473 2508 2524 καὶ
2545 2468 2740 2530 αὐτοὺς

424 2562 516 2628 τῆς
551 2558 717 2630 αὐτῆς
756 2557 899 2634 αὐτῷ
934 2555 1198 2630 τυχόντας
1237 2560 1448 2632 δωρεᾶς
1482 2561 1576 2612 καὶ
1610 2557 1675 2613 τὰ
1713 2554 1849 2612 αὐτὰ
1886 2558 2017 2629 περὶ
2051 2562 2165 2612 τῶν
2203 2557 2376 2611 αὐτῶν
2403 2554 2741 2617 διδάξαντας

427 2642 585 2716 ἡμᾶς.
634 2675 701 2684 -
753 2650 904 2714 Apol.
942 2647 994 2713 Ι,
1045 2662 1088 2700 e.
1115 2649 1206 2713 32,
1255 2662 1308 2714 p.
1335 2647 1435 2698 202
1477 2645 1663 2699 Moses
1704 2648 1915 2713 πρῶτος
1949 2647 2060 2697 τῶν
2098 2646 2403 2715 προφητῶν
2438 2639 2741 2717 γενόμενος

431 2730 624 2784 dicitur
661 2736 715 2784 et
750 2747 794 2785 c.
824 2735 914 2799 59,
971 2749 1025 2800 p.
1059 2734 1158 2785 252
1206 2732 1261 2782 οἱ
1311 2727 1565 2803 ἤμέτεροι
1615 2727 1944 2783 διδάσκαλοι
1977 2729 2121 2783 idem
2158 2730 2304 2784 valet
2338 2729 2481 2798 quod
2520 2726 2549 2783 ὃ
2583 2726 2744 2800 λόγος

434 2812 460 2862 ὅ
503 2813 598 2869 διὰ
636 2819 744 2870 τῶν
781 2820 1101 2888 προφητῶν.
1176 2817 1314 2885 Quin
1349 2816 1591 2870 «Iustinus
1628 2815 1767 2869 sicut
1799 2815 1955 2869 Philo
1989 2814 2226 2869 vindicat
2256 2816 2598 2885 prophetiam
2633 2831 2743 2869 om-

437 2901 593 2957 nibus
636 2902 942 2957 hominibus
988 2919 1021 2957 a
1066 2904 1187 2958 Deo
1231 2903 1437 2956 vocatis
1484 2907 1540 2955 et
1583 2901 1922 2967 illuminatiS,
1970 2902 2060 2969 qui
2106 2917 2342 2969 unquam
2385 2901 2744 2956 inservierunt

434 2987 644 3042 divinae
698 2988 963 3042 voluntati
1008 2987 1450 3057 interpretandae
1490 2993 1764 3055 tamquam
1810 2985 1972 3040 duces
2019 2992 2074 3040 et
2127 2988 2436 3057 praenuntii
2486 2987 2745 3054 temporis

435 3072 707 3128 Messiani.
777 3074 970 3142 Itaque
1017 3073 1217 3128 Christi
1263 3073 1550 3128 adventum
1586 3078 1888 3141 temporum
1924 3071 2155 3126 decursu
2196 3072 2543 3126 multifariam
2584 3087 2744 3141 prae-

436 3158 635 3212 dictum
672 3174 791 3213 esse
829 3164 1014 3213 censet
1048 3162 1222 3230 (Apol.
1249 3160 1291 3227 I,
1320 3163 1403 3226 31,
1442 3176 1494 3227 p.
1521 3160 1660 3224 202).
1721 3158 1883 3212 Tales
1915 3158 2212 3228 prophetas
2248 3159 2500 3213 continua
2533 3173 2745 3213 succes-

437 3245 612 3313 sione,
657 3244 712 3298 id
760 3244 904 3314 quod
949 3246 1220 3314 Josephus
1262 3248 1584 3313 negaverat,
1641 3259 1810 3311 usque
1850 3242 1919 3297 ad
1966 3244 2233 3299 Joannem
2275 3244 2581 3313 Baptistam
2623 3259 2745 3298 sese

439 3330 716 3400 excepisse
752 3329 985 3385 affirmat
1020 3333 1167 3387 Diaz.
1208 3351 1250 3387 c,
1286 3333 1375 3386 Tr.
1413 3347 1457 3386 e.
1483 3333 1566 3397 52,
1604 3347 1657 3399 p.
1687 3333 1801 3383 166.
1826 3332 1951 3384 168:
1991 3328 2102 3383 Ὅτι
2139 3317 2237 3383 οὖν
2271 3328 2537 3383 οὐδέποτε
2573 3325 2636 3382 ἐν
2668 3333 2744 3404 τῷ

443 3417 596 3486 γένει
643 3412 800 3488 ὗμῶν
849 3412 1125 3469 ἐπαύσατο
1173 3416 1296 3470 aare
1343 3411 1632 3486 προφήτης
1677 3413 1799 3468 οὕτε
1855 3413 2062 3485 ἄρχων,
2124 3410 2307 3472 ἕξότου
2364 3410 2544 3488 ἀρχὴν
2589 3412 2749 3484 ἔλαβε

443 3501 640 3574 μέχρις
675 3494 738 3555 οὗ
786 3494 941 3560 οὗτος
973 3500 1181 3572 Ἰησοῦς
1217 3498 1462 3574 Χριστὸς
1504 3502 1599 3554 καὶ
1645 3499 1850 3570 γέγονε
1883 3502 1977 3554 καὶ
2012 3497 2247 3565 ἔπαθεν,
2295 3499 2418 3553 οὐδ’
2458 3499 2753 3573 ἀναισχύν-

447 3606 546 3647 τως
580 3582 877 3661 τολμήσετε
913 3587 1097 3641 εἰπεῖν
1123 3585 1152 3657 ἢ
1182 3584 1478 3645 ἀποδεῖξαι
1511 3584 1686 3658 ἔχετε.
1721 3616 1789 3625 --
1824 3589 1963 3641 Ibid.
1989 3589 2366 3657 προφητῶν
2400 3583 2567 3640 κατὰ
2604 3589 2749 3640 δια-

452 3669 658 3744 δοχὴν
691 3674 949 3745 μέχρις
983 3668 1302 3728 Ἰωάννου
1336 3671 1837 3745 γεγενημένων.

579 3761 604 3802 ²
655 3761 773 3816 0012.
800 3765 874 3815 ad
904 3763 995 3816 Gr.
1035 3777 1077 3814 e.
1104 3763 1187 3826 31,
1225 3777 1276 3829 p.
1306 3761 1398 3812 92:
1431 3758 1618 3811 Ἔνθα
1659 3753 1975 3830 ὁρμώμενος
2012 3755 2040 3810 ὃ
2071 3754 2478 3831 μεγαλόφωνος
2512 3755 2752 3812 Πλάτων

450 3842 581 3916 μετὰ
619 3847 821 3916 πολλῆς
854 3845 1173 3917 παρ’ῥησίας
1194 3848 1297 3916 βοᾷ
1325 3844 1528 3915 λέγων·
1561 3841 1615 3897 Ὁ
1640 3842 1748 3916 μὲν
1786 3841 1852 3913 δὴ
1886 3843 2067 3916 μέγας
2104 3838 2167 3896 ἐν
2194 3840 2411 3919 οὐρανῷ
2455 3841 2597 3903 Ζεὺς
2625 3863 2753 3915 πτη-

453 3926 545 3983 νὸν
591 3931 742 4005 ἅρμα
779 3927 1041 3986 ἐλαί-νων.
1110 3929 1272 3983 Ἐπεὶ
1319 3926 1501 3985 πόθεν
1537 3929 1781 3984 ἄλλοθεν
1812 3924 2153 4001 μεμαθηκὼς
2188 3930 2357 3983 ταῦτα
2392 3928 2667 4001 ἔγραψεν,
2707 3930 2758 3984 εἰ

454 4011 523 4085 μὴ
562 4012 712 4086 παρὰ
748 4016 1006 4075 ΛῙωσέως
1047 4018 1140 4069 καὶ
1176 4017 1306 4069 τῶν
1354 4017 1756 4086 προφητῶν,·
1804 4013 2004 4068 Πόθεν
2041 4013 2103 4067 δὲ
2149 4011 2251 4086 τὴν
2286 4012 2581 4087 πρόφασιν
2618 4016 2757 4087 εἰλη·

459 4097 575 4169 φώς
606 4103 701 4154 καὶ
738 4097 800 4154 ἐν
833 4104 899 4176 τῇ
939 4097 1185 4172 πυρώδει
1223 4099 1383 4172 οὐσίᾳ
1419 4098 1517 4156 τὸν
1545 4096 1684 4154 θεὸν
1720 4096 1868 4153 εἶναι
1901 4097 2047 4170 &pm
2090 4098 2195 4153 Οὐκ
2233 4096 2341 4153 ἀπὸ
2376 4105 2492 4171 τῆς
2528 4104 2761 4177 τρίτης

456 4188 579 4238 τῶν
618 4190 997 4256 βασιλειῶν
1034 4188 1373 4261 ἱστορίας,·
1404 4185 1590 4240 ’Ἐνθα
1626 4186 1969 4258 γέγραπται·
2013 4184 2120 4239 Οὔκ
2158 4182 2228 4240 ἕν’
2255 4188 2328 4260 τῷ
2367 4183 2641 4260 πνεύματι
2672 4185 2764 4241 κὺ-

458 4287 566 4340 ριος
609 4275 702 4326 καὶ
746 4271 884 4345 μετὰ
927 4270 988 4327 τὸ
1030 4274 1251 4344 πνεῦμα
1300 4267 1663 4344 συσσεισμός,
1713 4269 1809 4326 οὐκ
1856 4267 1919 4324 ἐν
1954 4273 2028 4346 τῷ
2076 4274 2396 4347 συσσεισμῷ
2446 4269 2636 4342 κύριος
2667 4274 2763 4326 καὶ

460 4354 587 4424 μετὰ
620 4354 681 4412 τὸ
718 4362 826 4428 πῦρ
863 4355 1025 4429 φωνὴ
1064 4357 1237 4427 αὔρας
1271 4359 1473 4428 λεπτῆς
1509 4358 1556 4423 (Ι
1579 4355 1715 4426 Reg.
1741 4357 1889 4426 XIX,
1922 4360 1980 4410 ll
2008 4361 2130 4425 sq.).
