<?xml version="1.0" encoding="UTF-8"?>
<!DOCTYPE html PUBLIC "-//W3C//DTD XHTML 1.0 Transitional//EN"
    "http://www.w3.org/TR/xhtml1/DTD/xhtml1-transitional.dtd">
<html xmlns="http://www.w3.org/1999/xhtml" xml:lang="en" lang="en">
 <head>
  <title>
</title>
<meta http-equiv="Content-Type" content="text/html;charset=utf-8" />
  <meta name='ocr-system' content='tesseract 3.04.00' />
  <meta name='ocr-capabilities' content='ocr_page ocr_carea ocr_par ocr_line ocrx_word'/>
</head>
<body>
  <div class='ocr_page' id='page_1' title='image "./deinspirationes00deligoog_0072.png"; bbox 0 0 3264 5076; ppageno 0'>
   <div class='ocr_carea' id='block_1_1' title="bbox 1655 393 1742 467">
    <p class='ocr_par' dir='ltr' id='par_1_1' title="bbox 1655 393 1742 467">
     <span class='ocr_line' id='line_1_1' title="bbox 1655 393 1742 467; baseline -0.011 0"><span class='ocrx_word' id='word_1_1' title='bbox 1655 393 1742 467; x_wconf 80' lang='lat'><strong>60</strong></span> 
     </span>
    </p>
   </div>
   <div class='ocr_carea' id='block_1_2' title="bbox 1546 487 1854 497">
    <p class='ocr_par' dir='ltr' id='par_1_2' title="bbox 1546 487 1854 497">
     <span class='ocr_line' id='line_1_2' title="bbox 1546 487 1854 497; baseline 0 4579"><span class='ocrx_word' id='word_1_2' title='bbox 1546 487 1854 497; x_wconf 95' lang='lat' dir='ltr'><strong> </strong></span> 
     </span>
    </p>
   </div>
   <div class='ocr_carea' id='block_1_3' title="bbox 521 616 2857 3095">
    <p class='ocr_par' dir='ltr' id='par_1_3' title="bbox 529 616 2849 1064">
     <span class='ocr_line' id='line_1_3' title="bbox 529 616 2843 709; baseline 0.002 -25"><span class='ocrx_word' id='word_1_3' title='bbox 529 617 1044 704; x_wconf 75' lang='lat' dir='ltr'><strong>persecutionem</strong></span> <span class='ocrx_word' id='word_1_4' title='bbox 1108 616 1545 685; x_wconf 83' lang='lat' dir='ltr'><strong>Neronianam</strong></span> <span class='ocrx_word' id='word_1_5' title='bbox 1612 620 2040 706; x_wconf 82' lang='lat' dir='ltr'><strong>conscriptam</strong></span> <span class='ocrx_word' id='word_1_6' title='bbox 2110 641 2258 688; x_wconf 88' lang='lat' dir='ltr'><strong>esse</strong></span> <span class='ocrx_word' id='word_1_7' title='bbox 2318 628 2533 709; x_wconf 86' lang='lat' dir='ltr'><strong>putat,</strong></span> <span class='ocrx_word' id='word_1_8' title='bbox 2604 622 2843 692; x_wconf 83' lang='lat' dir='ltr'><strong>fontem</strong></span> 
     </span>
     <span class='ocr_line' id='line_1_4' title="bbox 530 735 2845 829; baseline 0.002 -25"><span class='ocrx_word' id='word_1_9' title='bbox 530 737 710 804; x_wconf 90' lang='lat' dir='ltr'><strong>illum</strong></span> <span class='ocrx_word' id='word_1_10' title='bbox 776 735 1187 805; x_wconf 78' lang='lat' dir='ltr'><strong>traditionem</strong></span> <span class='ocrx_word' id='word_1_11' title='bbox 1252 737 1497 804; x_wconf 88' lang='lat' dir='ltr'><strong>oralem</strong></span> <span class='ocrx_word' id='word_1_12' title='bbox 1562 758 1709 806; x_wconf 91' lang='lat' dir='ltr'><strong>esse</strong></span> <span class='ocrx_word' id='word_1_13' title='bbox 1765 738 2144 806; x_wconf 85' lang='lat' dir='ltr'><strong>contendit.¹</strong></span> <span class='ocrx_word' id='word_1_14' title='bbox 2269 740 2512 819; x_wconf 81' lang='lat' dir='ltr'><strong>Quodsi</strong></span> <span class='ocrx_word' id='word_1_15' title='bbox 2567 743 2845 829; x_wconf 85' lang='lat' dir='ltr'><strong>epistola</strong></span> 
     </span>
     <span class='ocr_line' id='line_1_5' title="bbox 532 856 2849 944; baseline 0.002 -20"><span class='ocrx_word' id='word_1_16' title='bbox 532 859 731 925; x_wconf 84' lang='lat' dir='ltr'><strong>aetati</strong></span> <span class='ocrx_word' id='word_1_17' title='bbox 778 856 1137 924; x_wconf 88' lang='lat' dir='ltr'><strong>Domitiani</strong></span> <span class='ocrx_word' id='word_1_18' title='bbox 1183 857 1588 941; x_wconf 88' lang='lat' dir='ltr'><strong>assignanda</strong></span> <span class='ocrx_word' id='word_1_19' title='bbox 1634 866 1750 944; x_wconf 81' lang='lat' dir='ltr'><strong>est,</strong></span> <span class='ocrx_word' id='word_1_20' title='bbox 1794 859 1952 924; x_wconf 92' lang='lat' dir='ltr'><strong>nihil</strong></span> <span class='ocrx_word' id='word_1_21' title='bbox 2000 861 2229 944; x_wconf 80' lang='lat' dir='ltr'><strong>obstat,</strong></span> <span class='ocrx_word' id='word_1_22' title='bbox 2275 862 2609 944; x_wconf 90' lang='lat' dir='ltr'><strong>quominus</strong></span> <span class='ocrx_word' id='word_1_23' title='bbox 2656 882 2849 928; x_wconf 86' lang='lat' dir='ltr'><strong>evan-</strong></span> 
     </span>
     <span class='ocr_line' id='line_1_6' title="bbox 530 977 2417 1064; baseline -0.001 -19"><span class='ocrx_word' id='word_1_24' title='bbox 530 978 707 1064; x_wconf 85' lang='lat' dir='ltr'><strong>gelia</strong></span> <span class='ocrx_word' id='word_1_25' title='bbox 750 977 1062 1045; x_wconf 82' lang='lat' dir='ltr'><strong>Matthaei</strong></span> <span class='ocrx_word' id='word_1_26' title='bbox 1110 985 1174 1044; x_wconf 86' lang='lat' dir='ltr'><strong>et</strong></span> <span class='ocrx_word' id='word_1_27' title='bbox 1219 980 1439 1044; x_wconf 86' lang='lat' dir='ltr'><strong>Lucae</strong></span> <span class='ocrx_word' id='word_1_28' title='bbox 1489 979 1781 1063; x_wconf 86' lang='lat' dir='ltr'><strong>allegata</strong></span> <span class='ocrx_word' id='word_1_29' title='bbox 1827 998 1974 1046; x_wconf 91' lang='lat' dir='ltr'><strong>esse</strong></span> <span class='ocrx_word' id='word_1_30' title='bbox 2025 978 2417 1046; x_wconf 81' lang='lat' dir='ltr'><strong>credamus.²</strong></span> 
     </span>
    </p>

    <p class='ocr_par' dir='ltr' id='par_1_4' title="bbox 521 1096 2857 3095">
     <span class='ocr_line' id='line_1_7' title="bbox 707 1096 2852 1184; baseline 0.001 -21"><span class='ocrx_word' id='word_1_31' title='bbox 707 1097 1085 1164; x_wconf 87' lang='lat' dir='ltr'><strong>Transimus</strong></span> <span class='ocrx_word' id='word_1_32' title='bbox 1133 1096 1220 1162; x_wconf 91' lang='lat' dir='ltr'><strong>ad</strong></span> <span class='ocrx_word' id='word_1_33' title='bbox 1266 1099 1640 1177; x_wconf 82' lang='lat' dir='ltr'><strong>Barnabam,</strong></span> <span class='ocrx_word' id='word_1_34' title='bbox 1696 1097 1873 1181; x_wconf 88' lang='lat' dir='ltr'><strong>cujus</strong></span> <span class='ocrx_word' id='word_1_35' title='bbox 1920 1098 2261 1184; x_wconf 88' lang='lat' dir='ltr'><strong>epistolam</strong></span> <span class='ocrx_word' id='word_1_36' title='bbox 2309 1099 2422 1164; x_wconf 85' lang='lat' dir='ltr'><strong>alii</strong></span> <span class='ocrx_word' id='word_1_37' title='bbox 2469 1121 2569 1166; x_wconf 90' lang='lat' dir='ltr'><strong>ao.</strong></span> <span class='ocrx_word' id='word_1_38' title='bbox 2619 1104 2701 1164; x_wconf 88' lang='grc'><strong>96</strong></span> <span class='ocrx_word' id='word_1_39' title='bbox 2748 1101 2852 1168; x_wconf 87' lang='lat' dir='ltr'><strong>vel</strong></span> 
     </span>
     <span class='ocr_line' id='line_1_8' title="bbox 532 1217 2853 1304; baseline 0.001 -22"><span class='ocrx_word' id='word_1_40' title='bbox 532 1218 679 1304; x_wconf 83' lang='lat'><strong>97³,</strong></span> <span class='ocrx_word' id='word_1_41' title='bbox 726 1217 838 1283; x_wconf 89' lang='lat' dir='ltr'><strong>alii</strong></span> <span class='ocrx_word' id='word_1_42' title='bbox 884 1217 1054 1283; x_wconf 87' lang='lat' dir='ltr'><strong>circa</strong></span> <span class='ocrx_word' id='word_1_43' title='bbox 1099 1237 1337 1283; x_wconf 88' lang='lat' dir='ltr'><strong>annum</strong></span> <span class='ocrx_word' id='word_1_44' title='bbox 1376 1219 1530 1281; x_wconf 81' lang='lat'>120⁴</span> <span class='ocrx_word' id='word_1_45' title='bbox 1586 1218 2014 1304; x_wconf 77' lang='lat' dir='ltr'><strong>conscriptam</strong></span> <span class='ocrx_word' id='word_1_46' title='bbox 2048 1238 2196 1286; x_wconf 89' lang='lat' dir='ltr'><strong>esse</strong></span> <span class='ocrx_word' id='word_1_47' title='bbox 2228 1219 2654 1303; x_wconf 89' lang='lat' dir='ltr'><strong>suspicantur.</strong></span> <span class='ocrx_word' id='word_1_48' title='bbox 2725 1221 2853 1285; x_wconf 88' lang='lat' dir='ltr'><strong>Ab-</strong></span> 
     </span>
     <span class='ocr_line' id='line_1_9' title="bbox 531 1335 2853 1422; baseline 0.001 -21"><span class='ocrx_word' id='word_1_49' title='bbox 531 1336 681 1403; x_wconf 87' lang='lat' dir='ltr'><strong>hinc</strong></span> <span class='ocrx_word' id='word_1_50' title='bbox 725 1335 975 1403; x_wconf 90' lang='lat' dir='ltr'><strong>duobus</strong></span> <span class='ocrx_word' id='word_1_51' title='bbox 1022 1337 1301 1406; x_wconf 87' lang='lat' dir='ltr'><strong>saeculis</strong></span> <span class='ocrx_word' id='word_1_52' title='bbox 1347 1338 1415 1403; x_wconf 92' lang='lat' dir='ltr'><strong>in</strong></span> <span class='ocrx_word' id='word_1_53' title='bbox 1459 1338 1584 1403; x_wconf 88' lang='lat' dir='ltr'><strong>hac</strong></span> <span class='ocrx_word' id='word_1_54' title='bbox 1627 1337 1904 1422; x_wconf 88' lang='lat' dir='ltr'><strong>epistola</strong></span> <span class='ocrx_word' id='word_1_55' title='bbox 1946 1338 2290 1404; x_wconf 88' lang='lat' dir='ltr'><strong>tractanda</strong></span> <span class='ocrx_word' id='word_1_56' title='bbox 2334 1338 2453 1405; x_wconf 86' lang='lat' dir='ltr'><strong>viri</strong></span> <span class='ocrx_word' id='word_1_57' title='bbox 2501 1338 2672 1404; x_wconf 89' lang='lat' dir='ltr'><strong>docti</strong></span> <span class='ocrx_word' id='word_1_58' title='bbox 2715 1359 2853 1407; x_wconf 86' lang='lat' dir='ltr'><strong>ver-</strong></span> 
     </span>
     <span class='ocr_line' id='line_1_10' title="bbox 536 1455 2848 1543; baseline 0 -20"><span class='ocrx_word' id='word_1_59' title='bbox 536 1459 664 1524; x_wconf 86' lang='lat' dir='ltr'><strong>sati</strong></span> <span class='ocrx_word' id='word_1_60' title='bbox 709 1463 885 1542; x_wconf 88' lang='lat' dir='ltr'><strong>sunt,</strong></span> <span class='ocrx_word' id='word_1_61' title='bbox 946 1455 1095 1542; x_wconf 86' lang='lat' dir='ltr'><strong>sed,</strong></span> <span class='ocrx_word' id='word_1_62' title='bbox 1138 1456 1208 1522; x_wconf 91' lang='lat' dir='ltr'><strong>id</strong></span> <span class='ocrx_word' id='word_1_63' title='bbox 1266 1456 1440 1540; x_wconf 88' lang='lat' dir='ltr'><strong>quod</strong></span> <span class='ocrx_word' id='word_1_64' title='bbox 1485 1457 1770 1523; x_wconf 82' lang='lat' dir='ltr'><strong>maxime</strong></span> <span class='ocrx_word' id='word_1_65' title='bbox 1825 1456 2175 1524; x_wconf 88' lang='lat' dir='ltr'><strong>dolendum</strong></span> <span class='ocrx_word' id='word_1_66' title='bbox 2234 1466 2400 1543; x_wconf 88' lang='lat' dir='ltr'><strong>erat,</strong></span> <span class='ocrx_word' id='word_1_67' title='bbox 2457 1459 2523 1524; x_wconf 90' lang='lat' dir='ltr'><strong>in</strong></span> <span class='ocrx_word' id='word_1_68' title='bbox 2580 1459 2848 1526; x_wconf 79' lang='lat' dir='ltr'><strong>Graecis</strong></span> 
     </span>
     <span class='ocr_line' id='line_1_11' title="bbox 535 1574 2849 1665; baseline 0 -22"><span class='ocrx_word' id='word_1_69' title='bbox 535 1577 859 1643; x_wconf 88' lang='lat' dir='ltr'><strong>codicibus</strong></span> <span class='ocrx_word' id='word_1_70' title='bbox 906 1576 1016 1642; x_wconf 90' lang='lat' dir='ltr'><strong>diu</strong></span> <span class='ocrx_word' id='word_1_71' title='bbox 1061 1574 1333 1642; x_wconf 87' lang='lat' dir='ltr'><strong>deerant</strong></span> <span class='ocrx_word' id='word_1_72' title='bbox 1378 1575 1658 1659; x_wconf 89' lang='lat' dir='ltr'><strong>quinque</strong></span> <span class='ocrx_word' id='word_1_73' title='bbox 1703 1578 1912 1663; x_wconf 85' lang='lat' dir='ltr'><strong>prima</strong></span> <span class='ocrx_word' id='word_1_74' title='bbox 1958 1578 2208 1665; x_wconf 88' lang='lat' dir='ltr'><strong>capita,</strong></span> <span class='ocrx_word' id='word_1_75' title='bbox 2269 1579 2352 1644; x_wconf 87' lang='lat' dir='ltr'><strong>ab</strong></span> <span class='ocrx_word' id='word_1_76' title='bbox 2401 1579 2664 1661; x_wconf 87' lang='lat' dir='ltr'><strong>antiqua</strong></span> <span class='ocrx_word' id='word_1_77' title='bbox 2709 1601 2849 1646; x_wconf 87' lang='lat' dir='ltr'><strong>ver-</strong></span> 
     </span>
     <span class='ocr_line' id='line_1_12' title="bbox 535 1694 2845 1784; baseline 0.001 -23"><span class='ocrx_word' id='word_1_78' title='bbox 535 1697 719 1763; x_wconf 90' lang='lat' dir='ltr'><strong>sione</strong></span> <span class='ocrx_word' id='word_1_79' title='bbox 779 1696 1013 1762; x_wconf 89' lang='lat' dir='ltr'><strong>Latina</strong></span> <span class='ocrx_word' id='word_1_80' title='bbox 1065 1694 1240 1762; x_wconf 87' lang='lat' dir='ltr'><strong>haud</strong></span> <span class='ocrx_word' id='word_1_81' title='bbox 1297 1696 1561 1763; x_wconf 86' lang='lat' dir='ltr'><strong>dextere</strong></span> <span class='ocrx_word' id='word_1_82' title='bbox 1618 1698 1936 1783; x_wconf 90' lang='lat' dir='ltr'><strong>suppleta.</strong></span> <span class='ocrx_word' id='word_1_83' title='bbox 2034 1699 2110 1763; x_wconf 92' lang='lat' dir='ltr'><strong>In</strong></span> <span class='ocrx_word' id='word_1_84' title='bbox 2164 1698 2264 1764; x_wconf 86' lang='lat' dir='ltr'><strong>his</strong></span> <span class='ocrx_word' id='word_1_85' title='bbox 2319 1698 2481 1784; x_wconf 89' lang='lat' dir='ltr'><strong>ipsis</strong></span> <span class='ocrx_word' id='word_1_86' title='bbox 2528 1699 2845 1783; x_wconf 80' lang='lat' dir='ltr'><strong>capitibus</strong></span> 
     </span>
     <span class='ocr_line' id='line_1_13' title="bbox 532 1814 2849 1901; baseline 0.001 -21"><span class='ocrx_word' id='word_1_87' title='bbox 532 1817 709 1882; x_wconf 92' lang='lat' dir='ltr'><strong>locus</strong></span> <span class='ocrx_word' id='word_1_88' title='bbox 755 1814 1015 1898; x_wconf 88' lang='lat' dir='ltr'><strong>quidam</strong></span> <span class='ocrx_word' id='word_1_89' title='bbox 1062 1815 1344 1882; x_wconf 90' lang='lat' dir='ltr'><strong>omnium</strong></span> <span class='ocrx_word' id='word_1_90' title='bbox 1391 1816 1834 1901; x_wconf 83' lang='lat' dir='ltr'><strong>theologorum</strong></span> <span class='ocrx_word' id='word_1_91' title='bbox 1881 1818 1946 1881; x_wconf 91' lang='lat' dir='ltr'><strong>in</strong></span> <span class='ocrx_word' id='word_1_92' title='bbox 1994 1838 2067 1883; x_wconf 89' lang='lat' dir='ltr'><strong>se</strong></span> <span class='ocrx_word' id='word_1_93' title='bbox 2115 1818 2532 1884; x_wconf 86' lang='lat' dir='ltr'><strong>convertebat</strong></span> <span class='ocrx_word' id='word_1_94' title='bbox 2578 1817 2849 1885; x_wconf 86' lang='lat' dir='ltr'><strong>animos.</strong></span> 
     </span>
     <span class='ocr_line' id='line_1_14' title="bbox 532 1935 2850 2023; baseline -0 -21"><span class='ocrx_word' id='word_1_95' title='bbox 532 1937 632 2002; x_wconf 91' lang='lat' dir='ltr'><strong>Ibi</strong></span> <span class='ocrx_word' id='word_1_96' title='bbox 676 1936 845 2002; x_wconf 85' lang='lat' dir='ltr'><strong>enim</strong></span> <span class='ocrx_word' id='word_1_97' title='bbox 903 1955 1045 2021; x_wconf 90' lang='lat' dir='ltr'><strong>cap.</strong></span> <span class='ocrx_word' id='word_1_98' title='bbox 1075 1935 1162 2000; x_wconf 93' lang='lat' dir='ltr'><strong>IV</strong></span> <span class='ocrx_word' id='word_1_99' title='bbox 1219 1935 1629 2022; x_wconf 85' lang='lat' dir='ltr'><strong>evangelium</strong></span> <span class='ocrx_word' id='word_1_100' title='bbox 1674 1935 1991 2002; x_wconf 83' lang='lat' dir='ltr'><strong>Matthaei</strong></span> <span class='ocrx_word' id='word_1_101' title='bbox 2039 1935 2276 2022; x_wconf 89' lang='lat' dir='ltr'>(XXII,</span> <span class='ocrx_word' id='word_1_102' title='bbox 2313 1940 2390 1999; x_wconf 83' lang='lat'><strong>14</strong></span> <span class='ocrx_word' id='word_1_103' title='bbox 2426 1936 2531 2002; x_wconf 87' lang='lat' dir='ltr'><strong>cfr.</strong></span> <span class='ocrx_word' id='word_1_104' title='bbox 2563 1938 2707 2021; x_wconf 88' lang='lat' dir='ltr'><strong>XX,</strong></span> <span class='ocrx_word' id='word_1_105' title='bbox 2743 1936 2850 2023; x_wconf 83' lang='lat'><strong>16)</strong></span> 
     </span>
     <span class='ocr_line' id='line_1_15' title="bbox 534 2055 2854 2142; baseline 0.001 -22"><span class='ocrx_word' id='word_1_106' title='bbox 534 2056 629 2121; x_wconf 88' lang='lat' dir='ltr'><strong>ita</strong></span> <span class='ocrx_word' id='word_1_107' title='bbox 673 2055 1024 2140; x_wconf 83' lang='lat' dir='ltr'><strong>allegatum</strong></span> <span class='ocrx_word' id='word_1_108' title='bbox 1068 2055 1431 2139; x_wconf 83' lang='lat' dir='ltr'><strong>legebatur:</strong></span> <span class='ocrx_word' id='word_1_109' title='bbox 1488 2061 1881 2120; x_wconf 78' lang='lat' dir='ltr'><strong>Attendamus</strong></span> <span class='ocrx_word' id='word_1_110' title='bbox 1926 2077 2103 2142; x_wconf 68' lang='lat' dir='ltr'><strong>erqo,</strong></span> <span class='ocrx_word' id='word_1_111' title='bbox 2144 2077 2221 2121; x_wconf 83' lang='lat' dir='ltr'><strong>ne</strong></span> <span class='ocrx_word' id='word_1_112' title='bbox 2257 2062 2453 2135; x_wconf 82' lang='lat' dir='ltr'><strong>forte,</strong></span> <span class='ocrx_word' id='word_1_113' title='bbox 2504 2062 2664 2121; x_wconf 79' lang='lat' dir='ltr'><strong>sicut</strong></span> <span class='ocrx_word' id='word_1_114' title='bbox 2698 2063 2854 2122; x_wconf 80' lang='lat' dir='ltr'><strong>scri-</strong></span> 
     </span>
     <span class='ocr_line' id='line_1_16' title="bbox 521 2177 2846 2256; baseline 0.001 -17"><span class='ocrx_word' id='word_1_115' title='bbox 521 2185 698 2256; x_wconf 80' lang='lat' dir='ltr'><strong>ptum</strong></span> <span class='ocrx_word' id='word_1_116' title='bbox 756 2185 871 2253; x_wconf 79' lang='lat' dir='ltr'><strong>est,</strong></span> <span class='ocrx_word' id='word_1_117' title='bbox 930 2181 1098 2240; x_wconf 83' lang='lat' dir='ltr'><strong>multi</strong></span> <span class='ocrx_word' id='word_1_118' title='bbox 1156 2181 1378 2251; x_wconf 83' lang='lat' dir='ltr'><strong>vocati,</strong></span> <span class='ocrx_word' id='word_1_119' title='bbox 1433 2181 1630 2255; x_wconf 81' lang='lat' dir='ltr'><strong>pauci</strong></span> <span class='ocrx_word' id='word_1_120' title='bbox 1695 2182 1867 2241; x_wconf 83' lang='lat' dir='ltr'><strong>electi</strong></span> <span class='ocrx_word' id='word_1_121' title='bbox 1925 2182 2318 2241; x_wconf 80' lang='lat' dir='ltr'><strong>inveniamur.</strong></span> <span class='ocrx_word' id='word_1_122' title='bbox 2418 2177 2591 2241; x_wconf 89' lang='lat' dir='ltr'><strong>Ecce</strong></span> <span class='ocrx_word' id='word_1_123' title='bbox 2654 2197 2846 2243; x_wconf 86' lang='lat' dir='ltr'><strong>evan-</strong></span> 
     </span>
     <span class='ocr_line' id='line_1_17' title="bbox 535 2294 2849 2381; baseline 0.001 -21"><span class='ocrx_word' id='word_1_124' title='bbox 535 2295 772 2379; x_wconf 87' lang='lat' dir='ltr'><strong>gelium</strong></span> <span class='ocrx_word' id='word_1_125' title='bbox 841 2294 1155 2361; x_wconf 87' lang='lat' dir='ltr'><strong>Matthaei</strong></span> <span class='ocrx_word' id='word_1_126' title='bbox 1224 2295 1551 2380; x_wconf 86' lang='lat' dir='ltr'><strong>scripturis</strong></span> <span class='ocrx_word' id='word_1_127' title='bbox 1624 2296 1828 2361; x_wconf 87' lang='lat' dir='ltr'><strong>sacris</strong></span> <span class='ocrx_word' id='word_1_128' title='bbox 1892 2297 2407 2362; x_wconf 84' lang='lat' dir='ltr'><strong>annumeratum!</strong></span> <span class='ocrx_word' id='word_1_129' title='bbox 2509 2294 2585 2361; x_wconf 91' lang='lat' dir='ltr'><strong>Id</strong></span> <span class='ocrx_word' id='word_1_130' title='bbox 2640 2296 2849 2381; x_wconf 88' lang='lat' dir='ltr'><strong>ipsum</strong></span> 
     </span>
     <span class='ocr_line' id='line_1_18' title="bbox 537 2414 2855 2500; baseline 0 -20"><span class='ocrx_word' id='word_1_131' title='bbox 537 2434 687 2481; x_wconf 88' lang='lat' dir='ltr'><strong>vero</strong></span> <span class='ocrx_word' id='word_1_132' title='bbox 748 2415 978 2480; x_wconf 86' lang='lat' dir='ltr'><strong>criticis</strong></span> <span class='ocrx_word' id='word_1_133' title='bbox 1032 2436 1160 2481; x_wconf 91' lang='lat' dir='ltr'><strong>non</strong></span> <span class='ocrx_word' id='word_1_134' title='bbox 1216 2414 1422 2500; x_wconf 90' lang='lat' dir='ltr'><strong>potuit</strong></span> <span class='ocrx_word' id='word_1_135' title='bbox 1475 2435 1604 2479; x_wconf 94' lang='lat' dir='ltr'><strong>non</strong></span> <span class='ocrx_word' id='word_1_136' title='bbox 1648 2415 1986 2482; x_wconf 87' lang='lat' dir='ltr'><strong>offensioni</strong></span> <span class='ocrx_word' id='word_1_137' title='bbox 2036 2436 2182 2483; x_wconf 92' lang='lat' dir='ltr'><strong>esse</strong></span> <span class='ocrx_word' id='word_1_138' title='bbox 2236 2415 2562 2482; x_wconf 86' lang='lat' dir='ltr'><strong>maximae</strong></span> <span class='ocrx_word' id='word_1_139' title='bbox 2611 2436 2855 2481; x_wconf 82' lang='lat' dir='ltr'><strong>eorum-</strong></span> 
     </span>
     <span class='ocr_line' id='line_1_19' title="bbox 539 2535 2847 2622; baseline 0 -21"><span class='ocrx_word' id='word_1_140' title='bbox 539 2555 663 2618; x_wconf 88' lang='lat' dir='ltr'><strong>que</strong></span> <span class='ocrx_word' id='word_1_141' title='bbox 710 2535 1134 2621; x_wconf 82' lang='lat' dir='ltr'><strong>sagacitatem</strong></span> <span class='ocrx_word' id='word_1_142' title='bbox 1183 2554 1552 2621; x_wconf 87' lang='lat' dir='ltr'><strong>provocare.</strong></span> <span class='ocrx_word' id='word_1_143' title='bbox 1637 2538 2013 2601; x_wconf 55' lang='lat' dir='ltr'><strong>Credamus-&#39;³</strong></span> <span class='ocrx_word' id='word_1_144' title='bbox 2065 2536 2243 2602; x_wconf 91' lang='lat' dir='ltr'><strong>initio</strong></span> <span class='ocrx_word' id='word_1_145' title='bbox 2291 2556 2332 2601; x_wconf 88' lang='lat' dir='ltr'><strong>a</strong></span> <span class='ocrx_word' id='word_1_146' title='bbox 2375 2542 2560 2622; x_wconf 88' lang='lat' dir='ltr'><strong>parte</strong></span> <span class='ocrx_word' id='word_1_147' title='bbox 2608 2537 2847 2602; x_wconf 61' lang='grc' dir='ltr'><strong>Ονεῖιῑιῖεἰ</strong></span> 
     </span>
     <span class='ocr_line' id='line_1_20' title="bbox 537 2654 2856 2741; baseline 0 -21"><span class='ocrx_word' id='word_1_148' title='bbox 537 2656 741 2741; x_wconf 82' lang='lat' dir='ltr'><strong>stetit,</strong></span> <span class='ocrx_word' id='word_1_149' title='bbox 808 2656 915 2739; x_wconf 88' lang='lat' dir='ltr'><strong>qui</strong></span> <span class='ocrx_word' id='word_1_150' title='bbox 981 2675 1125 2721; x_wconf 88' lang='lat' dir='ltr'><strong>cum</strong></span> <span class='ocrx_word' id='word_1_151' title='bbox 1195 2656 1534 2721; x_wconf 88' lang='lat' dir='ltr'><strong>Barnabas</strong></span> <span class='ocrx_word' id='word_1_152' title='bbox 1593 2654 1661 2720; x_wconf 89' lang='lat' dir='ltr'><strong>in</strong></span> <span class='ocrx_word' id='word_1_153' title='bbox 1723 2656 1935 2740; x_wconf 87' lang='lat' dir='ltr'><strong>capite</strong></span> <span class='ocrx_word' id='word_1_154' title='bbox 1977 2657 2102 2721; x_wconf 90' lang='lat' dir='ltr'><strong>XII</strong></span> <span class='ocrx_word' id='word_1_155' title='bbox 2166 2662 2458 2739; x_wconf 88' lang='lat' dir='ltr'><strong>quartum</strong></span> <span class='ocrx_word' id='word_1_156' title='bbox 2514 2658 2720 2723; x_wconf 87' lang='lat' dir='ltr'><strong>Esrae</strong></span> <span class='ocrx_word' id='word_1_157' title='bbox 2783 2657 2856 2721; x_wconf 93' lang='lat' dir='ltr'><strong>li-</strong></span> 
     </span>
     <span class='ocr_line' id='line_1_21' title="bbox 535 2774 2854 2860; baseline 0 -19"><span class='ocrx_word' id='word_1_158' title='bbox 535 2775 714 2841; x_wconf 87' lang='lat' dir='ltr'><strong>brum</strong></span> <span class='ocrx_word' id='word_1_159' title='bbox 778 2776 1021 2859; x_wconf 83' lang='lat' dir='ltr'><strong>alleget</strong></span> <span class='ocrx_word' id='word_1_160' title='bbox 1075 2777 1253 2842; x_wconf 85' lang='lat' dir='ltr'><strong>illum</strong></span> <span class='ocrx_word' id='word_1_161' title='bbox 1312 2777 1523 2841; x_wconf 87' lang='lat' dir='ltr'><strong>locum</strong></span> <span class='ocrx_word' id='word_1_162' title='bbox 1576 2774 1865 2842; x_wconf 84' lang='lat' dir='ltr'><strong>indidem</strong></span> <span class='ocrx_word' id='word_1_163' title='bbox 1923 2776 2138 2842; x_wconf 85' lang='lat' dir='ltr'><strong>afferri</strong></span> <span class='ocrx_word' id='word_1_164' title='bbox 2196 2777 2531 2860; x_wconf 87' lang='lat' dir='ltr'><strong>censebat;</strong></span> <span class='ocrx_word' id='word_1_165' title='bbox 2589 2798 2742 2842; x_wconf 87' lang='lat' dir='ltr'><strong>nam</strong></span> <span class='ocrx_word' id='word_1_166' title='bbox 2787 2777 2854 2842; x_wconf 96' lang='lat' dir='ltr'><strong>in</strong></span> 
     </span>
     <span class='ocr_line' id='line_1_22' title="bbox 537 2894 2857 2982; baseline 0.002 -24"><span class='ocrx_word' id='word_1_167' title='bbox 537 2894 726 2979; x_wconf 86' lang='lat' dir='ltr'><strong>hujus</strong></span> <span class='ocrx_word' id='word_1_168' title='bbox 784 2895 1139 2982; x_wconf 83' lang='lat' dir='ltr'><strong>apocryphi</strong></span> <span class='ocrx_word' id='word_1_169' title='bbox 1196 2901 1379 2962; x_wconf 86' lang='lat' dir='ltr'><strong>textu</strong></span> <span class='ocrx_word' id='word_1_170' title='bbox 1439 2896 1640 2961; x_wconf 89' lang='lat' dir='ltr'><strong>latino</strong></span> <span class='ocrx_word' id='word_1_171' title='bbox 1698 2916 1836 2981; x_wconf 88' lang='lat' dir='ltr'><strong>cap.</strong></span> <span class='ocrx_word' id='word_1_172' title='bbox 1874 2895 2051 2980; x_wconf 87' lang='lat' dir='ltr'><strong>VIII,</strong></span> <span class='ocrx_word' id='word_1_173' title='bbox 2092 2899 2129 2958; x_wconf 89' lang='lat'><strong>3</strong></span> <span class='ocrx_word' id='word_1_174' title='bbox 2181 2894 2439 2980; x_wconf 86' lang='lat' dir='ltr'><strong>legitur:</strong></span> <span class='ocrx_word' id='word_1_175' title='bbox 2494 2917 2635 2960; x_wconf 84' lang='lat' dir='ltr'><strong>nam</strong></span> <span class='ocrx_word' id='word_1_176' title='bbox 2688 2904 2857 2962; x_wconf 81' lang='lat' dir='ltr'><strong>multi</strong></span> 
     </span>
     <span class='ocr_line' id='line_1_23' title="bbox 537 3017 2845 3095; baseline 0.001 -17"><span class='ocrx_word' id='word_1_177' title='bbox 537 3019 736 3079; x_wconf 78' lang='lat' dir='ltr'><strong>creati</strong></span> <span class='ocrx_word' id='word_1_178' title='bbox 777 3024 937 3092; x_wconf 78' lang='lat' dir='ltr'><strong>sunt,</strong></span> <span class='ocrx_word' id='word_1_179' title='bbox 978 3022 1170 3095; x_wconf 83' lang='lat' dir='ltr'><strong>pauci</strong></span> <span class='ocrx_word' id='word_1_180' title='bbox 1213 3025 1410 3080; x_wconf 84' lang='lat' dir='ltr'><strong>autem</strong></span> <span class='ocrx_word' id='word_1_181' title='bbox 1439 3018 1853 3080; x_wconf 79' lang='lat' dir='ltr'><strong>salvabuntur.</strong></span> <span class='ocrx_word' id='word_1_182' title='bbox 1949 3017 2334 3079; x_wconf 59' lang='grc' dir='ltr'><strong>ῬῙοῖΙτηιᾶινῑιε7</strong></span> <span class='ocrx_word' id='word_1_183' title='bbox 2374 3022 2438 3080; x_wconf 94' lang='lat' dir='ltr'><strong>et</strong></span> <span class='ocrx_word' id='word_1_184' title='bbox 2463 3021 2845 3081; x_wconf 64' lang='lat' dir='ltr'><strong>Straussiuss</strong></span> 
     </span>
    </p>
   </div>
   <div class='ocr_carea' id='block_1_4' title="bbox 538 3206 944 3214">
    <p class='ocr_par' dir='ltr' id='par_1_5' title="bbox 538 3206 944 3214">
     <span class='ocr_line' id='line_1_24' title="bbox 538 3206 944 3214; baseline 0 1862"><span class='ocrx_word' id='word_1_185' title='bbox 538 3206 944 3214; x_wconf 95' lang='lat' dir='ltr'><strong> </strong></span> 
     </span>
    </p>
   </div>
   <div class='ocr_carea' id='block_1_5' title="bbox 530 3323 2857 4249">
    <p class='ocr_par' dir='ltr' id='par_1_6' title="bbox 670 3323 2465 3394">
     <span class='ocr_line' id='line_1_25' title="bbox 670 3323 2465 3394; baseline -0.001 -16"><span class='ocrx_word' id='word_1_186' title='bbox 670 3323 690 3363; x_wconf 83' lang='lat'>1</span> <span class='ocrx_word' id='word_1_187' title='bbox 755 3324 921 3378; x_wconf 82' lang='lat' dir='ltr'><strong>Wann</strong></span> <span class='ocrx_word' id='word_1_188' title='bbox 955 3326 1162 3378; x_wconf 81' lang='lat' dir='ltr'><strong>wurden</strong></span> <span class='ocrx_word' id='word_1_189' title='bbox 1197 3343 1353 3378; x_wconf 68' lang='lat' dir='ltr'><strong>unsre</strong></span> <span class='ocrx_word' id='word_1_190' title='bbox 1388 3323 1705 3394; x_wconf 64' lang='lat' dir='ltr'><strong>Evangelien</strong></span> <span class='ocrx_word' id='word_1_191' title='bbox 1742 3325 2003 3392; x_wconf 67' lang='lat' dir='ltr'><strong>vevfasst?</strong></span> <span class='ocrx_word' id='word_1_192' title='bbox 2067 3323 2150 3378; x_wconf 86' lang='lat' dir='ltr'><strong>ed.</strong></span> <span class='ocrx_word' id='word_1_193' title='bbox 2177 3323 2269 3388; x_wconf 82' lang='lat' dir='ltr'><strong>IV,</strong></span> <span class='ocrx_word' id='word_1_194' title='bbox 2303 3340 2356 3392; x_wconf 86' lang='lat' dir='ltr'><strong>p.</strong></span> <span class='ocrx_word' id='word_1_195' title='bbox 2383 3326 2465 3377; x_wconf 84' lang='lat'><strong>21.</strong></span> 
     </span>
    </p>

    <p class='ocr_par' dir='ltr' id='par_1_7' title="bbox 530 3407 2853 3565">
     <span class='ocr_line' id='line_1_26' title="bbox 668 3407 2851 3480; baseline 0.001 -19"><span class='ocrx_word' id='word_1_196' title='bbox 668 3410 691 3447; x_wconf 82' lang='lat'>2</span> <span class='ocrx_word' id='word_1_197' title='bbox 739 3407 846 3463; x_wconf 86' lang='lat' dir='ltr'><strong>Cfr.</strong></span> <span class='ocrx_word' id='word_1_198' title='bbox 883 3411 1312 3473; x_wconf 78' lang='lat' dir='ltr'><strong>Bitschlium,</strong></span> <span class='ocrx_word' id='word_1_199' title='bbox 1376 3409 1540 3463; x_wconf 80' lang='lat' dir='ltr'><strong>Ueber</strong></span> <span class='ocrx_word' id='word_1_200' title='bbox 1583 3413 1684 3463; x_wconf 86' lang='lat' dir='ltr'><strong>den</strong></span> <span class='ocrx_word' id='word_1_201' title='bbox 1727 3412 2133 3480; x_wconf 69' lang='lat' dir='ltr'><strong>yeyenwc&#39;irtiyen</strong></span> <span class='ocrx_word' id='word_1_202' title='bbox 2179 3412 2350 3464; x_wconf 77' lang='lat' dir='ltr'><strong>Stand</strong></span> <span class='ocrx_word' id='word_1_203' title='bbox 2394 3414 2486 3463; x_wconf 81' lang='lat' dir='ltr'><strong>cler</strong></span> <span class='ocrx_word' id='word_1_204' title='bbox 2534 3411 2713 3463; x_wconf 77' lang='lat' dir='ltr'><strong>Kritik</strong></span> <span class='ocrx_word' id='word_1_205' title='bbox 2760 3415 2851 3464; x_wconf 79' lang='lat' dir='ltr'><strong>der</strong></span> 
     </span>
     <span class='ocr_line' id='line_1_27' title="bbox 530 3494 2853 3565; baseline 0.001 -17"><span class='ocrx_word' id='word_1_206' title='bbox 530 3496 891 3563; x_wconf 58' lang='lat' dir='ltr'><strong>aymptischen</strong></span> <span class='ocrx_word' id='word_1_207' title='bbox 936 3496 1265 3565; x_wconf 64' lang='lat' dir='ltr'><strong>Evangelien.</strong></span> <span class='ocrx_word' id='word_1_208' title='bbox 1336 3496 1588 3548; x_wconf 76' lang='lat' dir='ltr'><strong>Zellert‘</strong></span> <span class='ocrx_word' id='word_1_209' title='bbox 1642 3496 2007 3565; x_wconf 73' lang='lat' dir='ltr'><strong>Theoloqische</strong></span> <span class='ocrx_word' id='word_1_210' title='bbox 2051 3494 2393 3549; x_wconf 65' lang='lat' dir='ltr'><strong>Jahn-bacher.</strong></span> <span class='ocrx_word' id='word_1_211' title='bbox 2461 3498 2604 3550; x_wconf 74' lang='lat'><strong>1851.</strong></span> <span class='ocrx_word' id='word_1_212' title='bbox 2654 3512 2707 3563; x_wconf 91' lang='lat' dir='ltr'><strong>p.</strong></span> <span class='ocrx_word' id='word_1_213' title='bbox 2731 3500 2853 3551; x_wconf 69' lang='lat'><strong>495.</strong></span> 
     </span>
    </p>

    <p class='ocr_par' dir='ltr' id='par_1_8' title="bbox 533 3578 2857 3735">
     <span class='ocr_line' id='line_1_28' title="bbox 669 3578 2857 3650; baseline 0.002 -20"><span class='ocrx_word' id='word_1_214' title='bbox 669 3578 695 3619; x_wconf 81' lang='grc'>3</span> <span class='ocrx_word' id='word_1_215' title='bbox 742 3578 1373 3650; x_wconf 79' lang='lat' dir='ltr'><strong>Cfr.Hi19enfezdum</strong></span> <span class='ocrx_word' id='word_1_216' title='bbox 1408 3578 1442 3635; x_wconf 91' lang='lat' dir='ltr'><strong>l.</strong></span> <span class='ocrx_word' id='word_1_217' title='bbox 1469 3595 1514 3634; x_wconf 82' lang='lat' dir='ltr'><strong>e.</strong></span> <span class='ocrx_word' id='word_1_218' title='bbox 1551 3595 1603 3646; x_wconf 92' lang='lat' dir='ltr'><strong>p.</strong></span> <span class='ocrx_word' id='word_1_219' title='bbox 1628 3582 1714 3634; x_wconf 80' lang='lat'><strong>46.</strong></span> <span class='ocrx_word' id='word_1_220' title='bbox 1768 3580 2217 3644; x_wconf 71' lang='lat' dir='ltr'><strong>Nitzschium,</strong></span> <span class='ocrx_word' id='word_1_221' title='bbox 2245 3582 2535 3635; x_wconf 77' lang='lat' dir='ltr'><strong>Grundriss</strong></span> <span class='ocrx_word' id='word_1_222' title='bbox 2562 3586 2655 3635; x_wconf 75' lang='lat' dir='ltr'><strong>der</strong></span> <span class='ocrx_word' id='word_1_223' title='bbox 2675 3584 2857 3635; x_wconf 63' lang='lat' dir='ltr'><strong>christ·</strong></span> 
     </span>
     <span class='ocr_line' id='line_1_29' title="bbox 533 3652 1517 3735; baseline 0 -16"><span class='ocrx_word' id='word_1_224' title='bbox 533 3667 700 3719; x_wconf 75' lang='lat' dir='ltr'><strong>lichen</strong></span> <span class='ocrx_word' id='word_1_225' title='bbox 733 3652 1264 3735; x_wconf 72' lang='lat' dir='ltr'><strong>Doymenyeschichte.</strong></span> <span class='ocrx_word' id='word_1_226' title='bbox 1323 3681 1376 3734; x_wconf 88' lang='lat' dir='ltr'><strong>p.</strong></span> <span class='ocrx_word' id='word_1_227' title='bbox 1405 3667 1517 3719; x_wconf 79' lang='grc'>102.</span> 
     </span>
    </p>

    <p class='ocr_par' dir='ltr' id='par_1_9' title="bbox 532 3750 2855 3907">
     <span class='ocr_line' id='line_1_30' title="bbox 670 3750 2855 3819; baseline 0.001 -15"><span class='ocrx_word' id='word_1_228' title='bbox 670 3751 694 3789; x_wconf 80' lang='lat'>4</span> <span class='ocrx_word' id='word_1_229' title='bbox 742 3751 849 3805; x_wconf 86' lang='lat' dir='ltr'><strong>Cfr.</strong></span> <span class='ocrx_word' id='word_1_230' title='bbox 887 3751 1221 3818; x_wconf 83' lang='lat' dir='ltr'><strong>Hefelium</strong></span> <span class='ocrx_word' id='word_1_231' title='bbox 1255 3750 1289 3805; x_wconf 92' lang='lat' dir='ltr'><strong>l.</strong></span> <span class='ocrx_word' id='word_1_232' title='bbox 1319 3766 1363 3804; x_wconf 89' lang='lat' dir='ltr'><strong>c.</strong></span> <span class='ocrx_word' id='word_1_233' title='bbox 1399 3766 1452 3818; x_wconf 90' lang='lat' dir='ltr'><strong>p.</strong></span> <span class='ocrx_word' id='word_1_234' title='bbox 1478 3750 1624 3803; x_wconf 87' lang='lat' dir='ltr'>XIII.</span> <span class='ocrx_word' id='word_1_235' title='bbox 1695 3751 2282 3818; x_wconf 72' lang='lat' dir='ltr'><strong>Tischendorsium</strong></span> <span class='ocrx_word' id='word_1_236' title='bbox 2316 3750 2356 3805; x_wconf 86' lang='lat' dir='ltr'><strong>l.</strong></span> <span class='ocrx_word' id='word_1_237' title='bbox 2380 3765 2423 3805; x_wconf 82' lang='lat' dir='ltr'><strong>e.</strong></span> <span class='ocrx_word' id='word_1_238' title='bbox 2460 3754 2618 3819; x_wconf 79' lang='lat' dir='ltr'><strong>p.92.</strong></span> <span class='ocrx_word' id='word_1_239' title='bbox 2667 3753 2855 3807; x_wconf 82' lang='lat' dir='ltr'><em>Volk-</em></span> 
     </span>
     <span class='ocr_line' id='line_1_31' title="bbox 532 3835 2064 3907; baseline -0.001 -17"><span class='ocrx_word' id='word_1_240' title='bbox 532 3854 804 3901; x_wconf 84' lang='lat' dir='ltr'><strong>marum‚</strong></span> <span class='ocrx_word' id='word_1_241' title='bbox 829 3838 943 3889; x_wconf 87' lang='lat' dir='ltr'><strong>Der</strong></span> <span class='ocrx_word' id='word_1_242' title='bbox 988 3835 1259 3907; x_wconf 71' lang='lat' dir='ltr'><strong>Urspruny</strong></span> <span class='ocrx_word' id='word_1_243' title='bbox 1295 3855 1480 3890; x_wconf 77' lang='lat' dir='ltr'><strong>unsrer</strong></span> <span class='ocrx_word' id='word_1_244' title='bbox 1516 3837 1847 3905; x_wconf 74' lang='lat' dir='ltr'><strong>Evanyelien.</strong></span> <span class='ocrx_word' id='word_1_245' title='bbox 1904 3852 1959 3905; x_wconf 87' lang='lat' dir='ltr'><strong>p.</strong></span> <span class='ocrx_word' id='word_1_246' title='bbox 1984 3836 2064 3888; x_wconf 82' lang='lat'><strong>68.</strong></span> 
     </span>
    </p>

    <p class='ocr_par' dir='ltr' id='par_1_10' title="bbox 667 3920 2455 3989">
     <span class='ocr_line' id='line_1_32' title="bbox 667 3920 2455 3989; baseline 0.001 -15"><span class='ocrx_word' id='word_1_247' title='bbox 667 3923 693 3963; x_wconf 85' lang='lat'>5</span> <span class='ocrx_word' id='word_1_248' title='bbox 740 3922 825 3975; x_wconf 91' lang='lat' dir='ltr'><strong>De</strong></span> <span class='ocrx_word' id='word_1_249' title='bbox 861 3920 1121 3974; x_wconf 89' lang='lat' dir='ltr'><strong>librorum</strong></span> <span class='ocrx_word' id='word_1_250' title='bbox 1154 3920 1292 3974; x_wconf 88' lang='lat' dir='ltr'><strong>Novi</strong></span> <span class='ocrx_word' id='word_1_251' title='bbox 1329 3920 1664 3975; x_wconf 87' lang='lat' dir='ltr'><strong>Testamenti</strong></span> <span class='ocrx_word' id='word_1_252' title='bbox 1698 3920 2049 3987; x_wconf 86' lang='lat' dir='ltr'><strong>inspiratione</strong></span> <span class='ocrx_word' id='word_1_253' title='bbox 2087 3924 2187 3974; x_wconf 89' lang='lat' dir='ltr'><strong>etc.</strong></span> <span class='ocrx_word' id='word_1_254' title='bbox 2243 3937 2297 3989; x_wconf 87' lang='lat' dir='ltr'><strong>p.</strong></span> <span class='ocrx_word' id='word_1_255' title='bbox 2324 3926 2352 3974; x_wconf 87' lang='lat'><strong>7</strong></span> <span class='ocrx_word' id='word_1_256' title='bbox 2378 3937 2455 3989; x_wconf 86' lang='lat' dir='ltr'><strong>sq.</strong></span> 
     </span>
    </p>

    <p class='ocr_par' dir='ltr' id='par_1_11' title="bbox 536 4000 2849 4160">
     <span class='ocr_line' id='line_1_33' title="bbox 672 4000 2849 4077; baseline 0.001 -17"><span class='ocrx_word' id='word_1_257' title='bbox 672 4009 696 4047; x_wconf 81' lang='grc'><strong>6</strong></span> <span class='ocrx_word' id='word_1_258' title='bbox 744 4006 960 4060; x_wconf 88' lang='lat' dir='ltr'><strong>Selecta</strong></span> <span class='ocrx_word' id='word_1_259' title='bbox 992 4013 1209 4074; x_wconf 88' lang='lat' dir='ltr'><strong>patrum</strong></span> <span class='ocrx_word' id='word_1_260' title='bbox 1249 4006 1512 4061; x_wconf 80' lang='lat' dir='ltr'><strong>ecclesiae</strong></span> <span class='ocrx_word' id='word_1_261' title='bbox 1550 4006 1731 4073; x_wconf 88' lang='lat' dir='ltr'><strong>capita</strong></span> <span class='ocrx_word' id='word_1_262' title='bbox 1765 4004 1837 4058; x_wconf 88' lang='lat' dir='ltr'><strong>ad</strong></span> <span class='ocrx_word' id='word_1_263' title='bbox 1873 4000 2233 4077; x_wconf 78' lang='grc' dir='ltr'><em>εἰσηγητικὴν</em></span> <span class='ocrx_word' id='word_1_264' title='bbox 2256 4021 2467 4060; x_wconf 86' lang='lat' dir='ltr'><strong>sacram</strong></span> <span class='ocrx_word' id='word_1_265' title='bbox 2502 4007 2849 4075; x_wconf 88' lang='lat' dir='ltr'><strong>pertinentia.</strong></span> 
     </span>
     <span class='ocr_line' id='line_1_34' title="bbox 536 4090 1091 4160; baseline 0.004 -17"><span class='ocrx_word' id='word_1_266' title='bbox 536 4090 719 4145; x_wconf 87' lang='lat' dir='ltr'><strong>Turici</strong></span> <span class='ocrx_word' id='word_1_267' title='bbox 757 4093 904 4147; x_wconf 86' lang='lat'><strong>1820.</strong></span> <span class='ocrx_word' id='word_1_268' title='bbox 963 4109 1016 4160; x_wconf 88' lang='lat' dir='ltr'><strong>p.</strong></span> <span class='ocrx_word' id='word_1_269' title='bbox 1043 4096 1091 4146; x_wconf 83' lang='lat'><strong>5.</strong></span> 
     </span>
    </p>

    <p class='ocr_par' dir='ltr' id='par_1_12' title="bbox 672 4176 2857 4249">
     <span class='ocr_line' id='line_1_35' title="bbox 672 4176 2857 4249; baseline 0.002 -19"><span class='ocrx_word' id='word_1_270' title='bbox 672 4177 694 4217; x_wconf 81' lang='grc'><strong>7</strong></span> <span class='ocrx_word' id='word_1_271' title='bbox 747 4178 866 4233; x_wconf 82' lang='lat' dir='ltr'><strong>Das</strong></span> <span class='ocrx_word' id='word_1_272' title='bbox 910 4181 958 4232; x_wconf 85' lang='grc'><strong>4.</strong></span> <span class='ocrx_word' id='word_1_273' title='bbox 993 4181 1143 4233; x_wconf 77' lang='lat' dir='ltr'><strong>Buch</strong></span> <span class='ocrx_word' id='word_1_274' title='bbox 1188 4179 1344 4232; x_wconf 75' lang='lat' dir='ltr'><strong>Esra.</strong></span> <span class='ocrx_word' id='word_1_275' title='bbox 1414 4193 1467 4244; x_wconf 89' lang='lat' dir='ltr'><strong>p.</strong></span> <span class='ocrx_word' id='word_1_276' title='bbox 1505 4179 1604 4229; x_wconf 86' lang='lat'><strong>290</strong></span> <span class='ocrx_word' id='word_1_277' title='bbox 1643 4181 1719 4244; x_wconf 78' lang='lat' dir='ltr'><strong>sq.</strong></span> <span class='ocrx_word' id='word_1_278' title='bbox 1798 4177 1912 4232; x_wconf 85' lang='lat' dir='ltr'><strong>Der</strong></span> <span class='ocrx_word' id='word_1_279' title='bbox 1974 4176 2247 4248; x_wconf 74' lang='lat' dir='ltr'><strong>Urspruny</strong></span> <span class='ocrx_word' id='word_1_280' title='bbox 2292 4197 2478 4233; x_wconf 80' lang='lat' dir='ltr'><strong>unsrer</strong></span> <span class='ocrx_word' id='word_1_281' title='bbox 2522 4180 2857 4249; x_wconf 76' lang='lat' dir='ltr'><strong>Evanyelien.</strong></span> 
     </span>
    </p>
   </div>
   <div class='ocr_carea' id='block_1_6' title="bbox 534 4263 2355 4418">
    <p class='ocr_par' dir='ltr' id='par_1_13' title="bbox 534 4263 2355 4418">
     <span class='ocr_line' id='line_1_36' title="bbox 579 4263 864 4318; baseline 0.004 -1"><span class='ocrx_word' id='word_1_282' title='bbox 579 4304 590 4317; x_wconf 90' lang='lat'><strong>.</strong></span> <span class='ocrx_word' id='word_1_283' title='bbox 617 4263 715 4316; x_wconf 87' lang='lat'><strong>111</strong></span> <span class='ocrx_word' id='word_1_284' title='bbox 853 4305 864 4318; x_wconf 90' lang='lat'><strong>.</strong></span> 
     </span>
     <span class='ocr_line' id='line_1_37' title="bbox 534 4278 2355 4418; baseline 0.001 -15"><span class='ocrx_word' id='word_1_285' title='bbox 534 4278 571 4331; x_wconf 70' lang='lat' dir='ltr'>p</span> <span class='ocrx_word' id='word_1_286' title='bbox 672 4347 697 4387; x_wconf 84' lang='lat'>8</span> <span class='ocrx_word' id='word_1_287' title='bbox 742 4278 913 4403; x_wconf 40' lang='lat' dir='ltr'><strong>{iden</strong></span> <span class='ocrx_word' id='word_1_288' title='bbox 947 4351 1094 4417; x_wconf 74' lang='lat' dir='ltr'><strong>Jesu,</strong></span> <span class='ocrx_word' id='word_1_289' title='bbox 1115 4351 1227 4418; x_wconf 74' lang='lat' dir='ltr'><strong>sicr</strong></span> <span class='ocrx_word' id='word_1_290' title='bbox 1261 4354 1360 4403; x_wconf 74' lang='lat' dir='ltr'><strong>das</strong></span> <span class='ocrx_word' id='word_1_291' title='bbox 1398 4351 1638 4403; x_wconf 75' lang='lat' dir='ltr'><strong>deutsche</strong></span> <span class='ocrx_word' id='word_1_292' title='bbox 1681 4349 1807 4403; x_wconf 83' lang='lat' dir='ltr'><strong>Vozk</strong></span> <span class='ocrx_word' id='word_1_293' title='bbox 1841 4352 2128 4404; x_wconf 81' lang='lat' dir='ltr'><strong>bearbeitet.</strong></span> <span class='ocrx_word' id='word_1_294' title='bbox 2191 4366 2245 4417; x_wconf 90' lang='lat' dir='ltr'><strong>p.</strong></span> <span class='ocrx_word' id='word_1_295' title='bbox 2273 4352 2355 4405; x_wconf 79' lang='lat'><strong>55.</strong></span> 
     </span>
    </p>
   </div>
   <div class='ocr_carea' id='block_1_7' title="bbox 3240 971 3243 2584">
    <p class='ocr_par' dir='ltr' id='par_1_14' title="bbox 3240 971 3243 2584">
     <span class='ocr_line' id='line_1_38' title="bbox 3240 971 3243 2584; baseline 0 0"><span class='ocrx_word' id='word_1_296' title='bbox 3240 971 3243 2584; x_wconf 95' lang='lat' dir='ltr'><strong> </strong></span> 
     </span>
    </p>
   </div>
  </div>
 </body>
</html>
