3264 5076
1640 384 1726 460 92

511 611 717 678 lorum
763 610 992 679 eodem
1038 611 1283 679 honore
1328 633 1454 699 quo
1499 607 1964 698 wyyodpfflata
2003 613 2145 677 τῶν
2173 612 2543 696 προφητῶν
2568 611 2827 679 habita!

527 734 881 795 Volkmarus
911 729 1098 814 hujus
1128 730 1253 797 loci
1283 729 1535 817 pondus
1567 736 2010 798 attenuaturus
2045 727 2394 813 contendit,
2426 729 2547 796 hoc
2576 737 2826 797 tantum

513 849 667 928 dici,
713 871 844 916 non
886 850 1089 919 solum
1134 851 1455 917 Justinum
1499 849 1619 918 sed
1655 851 1851 917 etiam
1882 869 2186 934 magnam
2221 849 2542 916 ecclesiae
2572 856 2826 935 partem

512 968 759 1052 aliquot
814 969 1163 1053 evangelia
1214 971 1338 1036 nisi
1390 969 1614 1038 divina
1670 976 1735 1036 et
1780 969 2098 1035 canonica
2154 975 2374 1034 tamen
2421 969 2824 1054 apostolicae

419 1108 432 1119 ·
511 1087 842 1154 doctrinae
891 1088 1346 1156 convenientia
1389 1095 1454 1157 et
1495 1089 1939 1174 praelectione
1985 1087 2187 1173 digna
2221 1087 2536 1154 duxisse.¹
2613 1089 2698 1154 Et
2727 1108 2826 1155 re-

454 1200 463 1211 ’
511 1228 669 1275 vera
726 1207 793 1273 in
845 1207 1168 1274 nonnullis
1224 1208 1519 1276 ecclesiis
1578 1230 1709 1275 non
1767 1208 1972 1274 solum
2016 1208 2161 1274 libri
2204 1206 2376 1274 Novi
2421 1207 2828 1273 Testamenti

513 1326 832 1411 canonici,
877 1326 994 1394 sed
1042 1327 1239 1394 etiam
1284 1329 1418 1394 alia
1461 1329 1706 1414 scripta
1733 1328 2302 1413 praelegebantm,
2346 1326 2522 1392 velut
2548 1326 2828 1411 epistola

509 1446 861 1512 Clementis
916 1448 1193 1514 Romani
1238 1446 1326 1513 ad
1370 1447 1764 1531 Corinthios,
1823 1466 1989 1530 quae
2034 1467 2168 1512 uon
2211 1444 2402 1511 modo
2439 1444 2509 1508 in
2545 1445 2823 1511 ecclesia

510 1564 923 1631 Corinthiaca
962 1566 1106 1651 jam
1161 1567 1359 1634 multo
1416 1573 1566 1632 ante
1627 1566 1907 1632 medium
1964 1565 2293 1632 saeculum
2351 1565 2650 1649 alterum,
2704 1563 2825 1632 sed

506 1685 703 1751 etiam
760 1685 829 1750 in
890 1686 1215 1751 nonnullis
1270 1685 1419 1751 aliis
1478 1687 1772 1753 ecclesiis
1834 1705 2035 1769 usque
2099 1686 2169 1750 in
2211 1684 2478 1750 Eusebii
2511 1688 2818 1750 'aetatem

510 1806 834 1889 anagnosi
866 1803 1065 1889 digna
1095 1804 1456 1872 habebatur
1488 1803 1739 1893 (Euseb.
1767 1803 1831 1870 h.
1868 1824 1923 1871 e.
1952 1806 2066 1890 III,
2100 1803 2231 1890 16).
2290 1805 2378 1871 At
2405 1824 2549 1870 eum
2580 1823 2822 1870 morem

508 1924 578 1990 in
621 1924 925 1992 universa
969 1924 1248 1991 ecclesia
1298 1925 1654 1993 obtinuisse
1716 1923 1973 1992 ostendi
2032 1945 2164 1991 uon
2206 1931 2438 2010 potest.
2533 1923 2823 1991 Justinus

512 2052 685 2112 certe
732 2043 815 2110 de
862 2064 940 2111 eo
984 2044 1147 2110 silet.
1236 2045 1578 2125 Quaeritur
1622 2046 1850 2130 etiam,
1896 2050 2103 2110 utrum
2148 2044 2391 2130 scripta
2431 2044 2548 2109 illa
2592 2043 2821 2127 quavis

506 2163 611 2229 die
665 2162 991 2231 dominica
1035 2164 1220 2230 sicuti
1264 2163 1409 2230 libri
1455 2166 1752 2232 canonici
1797 2186 1884 2231 an
1913 2163 2102 2231 certis
2129 2164 2514 2254 intervallis,
2544 2163 2822 2230 fortasse

505 2281 630 2349 hoc
689 2284 884 2350 illove
946 2283 1100 2349 anni
1166 2283 1271 2350 die
1325 2285 1617 2371 praelegi
1672 2285 1866 2351 solita
1920 2284 2077 2368 sint,
2142 2284 2237 2350 uti
2289 2282 2590 2369 traditur,
2643 2303 2823 2350 reve-

501 2401 810 2468 lationem
849 2403 1025 2469 Petri
1068 2402 1175 2469 die
1219 2421 1617 2489 parasceves
1664 2402 1993 2489 paschalis
2035 2403 2370 2469 recitatam
2417 2404 2618 2470 csse.²
2702 2403 2823 2469 Ge-

510 2528 717 2588 terum
769 2543 952 2588 usum
1008 2522 1309 2590 librorum
1356 2523 1870 2611 apocryphorum
1914 2522 2275 2609 liturgicum
2317 2522 2681 2591 christianis
2721 2542 2818 2590 se-

506 2642 718 2708 verius
761 2641 1202 2728 judicantibus
1262 2644 1600 2710 offensioni
1656 2643 1890 2711 factum
1939 2662 2114 2729 esse,
2169 2664 2205 2711 e
2249 2663 2495 2711 canone
2541 2645 2820 2710 Murato·

510 2761 697 2828 riano
754 2769 1054 2848 apparet,
1109 2763 1217 2846 qui
1258 2764 1597 2830 Pastorem
1634 2765 1917 2833 Hermae
1946 2764 2243 2849 privatae
2277 2770 2525 2831 tantum
2555 2763 2817 2831 lectioni

508 2882 1025 2950 commendatum
1071 2903 1114 2948 a
1142 2882 1321 2949 libris
1353 2882 1420 2947 in
1451 2884 1734 2952 ecclesia
1760 2882 2217 2969 praelegendis
2250 2884 2583 2950 secernit.3
2660 2885 2815 2950 Jure

504 3021 661 3086 ergo
718 3007 1001 3068 statuere
1054 3022 1427 3089 possumus,
1488 3003 1810 3068 Justinum
1871 3004 2319 3070 memorabilia
2386 3003 2819 3090 apostolorum

505 3122 590 3187 ab
644 3121 796 3207 ipso*
844 3122 1026 3187 iuxta
1080 3123 1322 3208 scripta
1386 3122 1641 3188 Veteris
1704 3124 2107 3191 Testamenti
2172 3124 2490 3190 collocata
2545 3125 2691 3209 pari
2754 3129 2819 3188 et

491 3225 767 3323 ‘aequali
832 3240 1076 3309 honore
1138 3242 1472 3326 dignatum
1536 3261 1704 3308 esse.
1809 3243 2002 3310 Modo
2069 3243 2363 3311 conferas
2425 3248 2597 3323 Apol.
2631 3244 2682 3326 I,
2714 3243 2815 3326 28,

499 3379 564 3443 p.
602 3363 749 3426 196:
813 3353 985 3446 παρ’
1033 3355 1220 3448 ἡμῖν
1280 3357 1403 3447 γὰρ
1466 3355 1504 3428 ὁ
1558 3355 1916 3449 α’ρχηγέτης
1977 3365 2207 3429 κακῶν
2268 3359 2608 3448 δαιμόνων
2659 3355 2814 3445 ὄφις

641 3650 662 3691 1
719 3650 880 3705 Ueber
913 3651 1092 3706 Justin
1140 3655 1241 3706 den
1278 3655 1547 3723 Meirtyrffl·
1588 3657 1699 3707 und
1740 3655 1850 3707 sein
1897 3654 2216 3708 Verhdltniss
2259 3673 2322 3707 zu
2356 3671 2550 3708 unsrcn
2584 3653 2820 3722 Evanqe-

500 3737 619 3790 lien.
677 3752 730 3804 p.
762 3739 875 3792 140.

639 3822 664 3862 2
710 3821 815 3876 Cfr.
863 3824 1311 3877 Thierschium
1344 3825 1378 3878 1.
1406 3839 1450 3877 c.
1485 3840 1537 3892 p.
1567 3825 1668 3877 373
1693 3838 1808 3893 sqq.

638 3910 661 3946 3
705 3906 986 3962 Pastorem
1021 3923 1150 3961 vero
1184 3909 1494 3978 nuperrime
1529 3909 1865 3977 temporibus
1911 3909 2108 3965 nostris
2141 3910 2198 3963 in
2237 3909 2369 3963 urbe
2403 3909 2579 3964 Roma
2612 3907 2817 3961 Herma

499 3992 557 4058 (1.
569 3992 823 4059 Hermas)
841 3993 1177 4061 conscripsit,
1199 3994 1423 4049 sedente
1449 3992 1711 4048 cathedra
1732 3994 1880 4049 urbis
1903 3994 2110 4050 Romae
2136 3994 2401 4049 ecclesiae
2417 3994 2515 4048 Pio
2542 3993 2814 4061 episcopo,

496 4076 668 4131 fratre
696 4077 828 4145 ejus,
888 4078 963 4132 Et
995 4078 1119 4133 idco
1153 4079 1263 4148 legi
1300 4095 1422 4134 eum
1447 4077 1665 4148 quidem
1703 4085 1935 4149 oportet,
1973 4080 2071 4135 sed
2094 4079 2372 4149 publicare
2397 4079 2610 4134 veroin
2641 4079 2812 4133 eccle-

497 4162 580 4216 sia
617 4163 844 4232 populo,
888 4179 1064 4233 neque
1111 4164 1253 4219 inter
1296 4163 1594 4234 prophetas
1632 4165 1954 4233 completum
1991 4166 2046 4232 (1.
2074 4166 2391 4235 completos)
2426 4180 2677 4232 numero,
2715 4180 2812 4219 nc-

497 4263 601 4317 que
636 4249 778 4303 inter
810 4250 1104 4319 Apostolos
1137 4250 1193 4304 in
1228 4248 1390 4305 finem
1414 4256 1718 4320 temporum
1752 4255 1946 4319 potest.
2010 4250 2117 4306 Cfr.
2160 4254 2600 4318 Wieselerum,
2648 4250 2812 4305 Ueber

497 4338 595 4388 den
620 4346 969 4405 soyencmnten
996 4337 1187 4391 Kanon
1213 4357 1308 4392 von
1336 4339 1617 4392 Μαγαῖον-ἰ.
1653 4338 1870 4392 Studien
1893 4343 2001 4393 und
2027 4339 2283 4392 Kritikcn.
2322 4337 2471 4391 1850.
2508 4338 2550 4391 Ι.
2585 4339 2718 4405 p.9l
2733 4351 2814 4404 sq.
