3264 5076
1434 412 1742 514 „EL-

435 641 627 708 veluti
669 640 906 724 psalmi
936 640 1119 724 VIII,
1179 645 1316 705 tota
1360 640 1692 725 supponit,
1754 661 1884 705 non
1932 641 2136 706 solum
2197 660 2333 724 reS‚
2391 640 2506 707 sed
2556 640 2751 706 etiam

433 762 632 827 verba
673 759 924 826 Veteris
971 754 1406 841 Testamenti,
1465 779 1850 842 quamquam
1898 761 1982 824 ab
2027 759 2391 825 hominibus
2439 760 2748 845 profecta,

378 862 391 867 ’
440 880 721 945 divinam
766 899 925 964 prae
975 899 1046 945 se
1092 878 1260 944 ferre
1306 879 1639 962 originem.
1731 879 1862 944 Sed
1904 900 1985 944 ne
2032 880 2099 943 in
2145 878 2270 945 hac
2315 880 2570 963 quidem
2617 880 2751 963 epi-

439 999 633 1082 stola,
682 1000 860 1082 cujus
893 1003 1115 1063 auctor
1141 997 1587 1064 Alexandrina
1617 996 1975 1064 eruditione
2017 999 2293 1064 imbutus
2341 1007 2509 1081 erat,
2555 999 2750 1064 ullum

431 1119 767 1201 vestigium
814 1120 1134 1184 manticae
1180 1119 1619 1203 inspirationis
1665 1119 1936 1184 inveniri
1979 1124 2212 1204 potest.

600 1239 751 1304 Nec·
779 1236 883 1302 his
930 1239 1036 1322 qui
1082 1260 1249 1305 nunc
1293 1239 1481 1304 nobis
1528 1237 1845 1305 afferendi
1892 1245 2040 1303 sunt
2091 1237 2249 1303 locis
2305 1237 2595 1304 doctrina
2638 1238 2752 1304 illa

434 1356 804 1440 continetur,
858 1358 1034 1423 locos
1081 1358 1223 1425 dico
1262 1361 1295 1423 I
1328 1364 1489 1422 Petr.
1514 1359 1563 1442 Ι,
1607 1361 1679 1421 1-0
1715 1366 1853 1441 s'qq.
1901 1364 1966 1422 ct
2004 1359 2067 1422 11
2097 1363 2254 1422 Petr.
2285 1359 2333 1441 Ι,
2364 1361 2466 1423 21.
2545 1359 2750 1423 Priori

434 1478 602 1562 locO,
651 1499 775 1561 quo
822 1478 1097 1563 Spiritus
1138 1477 1377 1543 Christi
1417 1478 1912 1561 praeexistentis
1969 1477 2348 1562 principium
2387 1478 2751 1562 inspiratio-

434 1597 532 1661 nis
577 1596 992 1681 prophetieae
1043 1599 1429 1683 nominatur,
1474 1598 1745 1663 affirmat
1817 1597 2073 1680 quidem
2128 1599 2390 1680 PetruS‚
2451 1595 2747 1664 homines

438 1722 691 1781 sanctos
739 1718 1073 1801 materiam
1118 1718 1555 1796 revelationis,
1611 1719 1849 1804 quippe
1897 1737 2062 1800 quae
2110 1718 2187 1782 iis
2232 1716 2536 1783 divinitus
2584 1738 2748 1783 com-

436 1836 759 1901 municata
789 1838 892 1920 sit,
940 1858 1069 1903 non
1098 1817 1352 1903 suamet
1386 1840 1670 1923 ipsorum
1717 1837 2139 1902 meditatione
2185 1835 2592 1921 produxisse,
2630 1837 2749 1902 sed

433 1956 910 2024 meditationem
980 1964 1046 2022 et
1108 1957 1593 2040 indagationem
1660 1964 1929 2041 accepta
1991 1956 2389 2022 revelatione
2459 1963 2744 2022 secutam

439 2094 616 2159 esse3
681 2076 832 2158 quin
899 2076 1095 2141 etiam
1161 2094 1507 2160 personam
1579 2075 1923 2141 humanam
1989 2077 2056 2140 in
2120 2076 2541 2160 inspiratione
2606 2098 2748 2160 pro·
2827 2148 2848 2157 ⁴,

432 2193 688 2277 phetica
748 2195 937 2278 longe
992 2197 1204 2278 magis
1263 2217 1454 2279 quam
1511 2196 1577 2260 in
1638 2195 1998 2280 apostolica
2060 2195 2363 2262 recedere
2420 2195 2748 2279 indicat¹;

437 2313 694 2379 minime
756 2334 911 2380 vero
939 2304 1193 2398 'neg-at,
1265 2314 1616 2400 prophetas
1683 2316 1748 2379 in
1805 2323 1949 2381 actu
2014 2314 2454 2400 inspirationis
2518 2317 2748 2381 suimet

435 2432 717 2518 ipsorum
774 2433 971 2499 fuisse
1027 2439 1373 2519 compotes.
1478 2434 1769 2500 Alterum
1828 2456 1980 2502 vero
2036 2434 2275 2518 locum,
2333 2456 2456 2518 quo
2513 2437 2743 2500 Petrus

440 2553 541 2618 vel
589 2554 752 2619 alius
800 2555 941 2638 quis
987 2554 1429 2639 propheticam
1475 2556 1962 2640 inspirationem
2013 2555 2318 2620 describit
2362 2555 2462 2620 his
2492 2556 2740 2622 verbis:

444 2666 536 2738 Ου’
561 2669 685 2758 γὰρ
724 2669 1046 2760 θελήματι
1087 2667 1456 2759 ἄνθροόπου
1498 2668 1750 2761 ἠνέχθη
1795 2675 1956 2740 ποτὲ
1998 2676 2383 2761 προφητεία,
2429 2668 2572 2740 ἀλλ’
2611 2669 2745 2741 ὑπὸ

443 2789 809 2877 ,πνεύματος
874 2786 1062 2876 ἁγίου
1131 2790 1480 2878 φερόμενοι
1549 2790 1874 2879 ἐλάλησαν
1938 2788 2109 2878 ἅγιοι
2165 2796 2330 2859 θεοῦ
2373 2788 2745 2881 ἄνθρωποι,

437 2909 608 2976 haud
676 2918 870 2994 caute·
928 2914 1475 2997 interpretareriS,
1545 2915 1600 2979 si
1656 2891 1798 2978 eam
1870 2914 2268 2998 potissimum
2324 2915 2405 2979 ob
2462 2934 2743 2993 causam,

439 3031 605 3113 quod
678 3053 806 3097 vox
872 3039 1346 3117 θιοᾳορεῑυθαι
1410 3033 1757 3114 antiquitus
1795 3042 1888 3098 ·et
1944 3033 2114 3118 apud
2168 3033 2505 3100 Philonem
2573 3034 2744 3098 idem

438 3150 756 3233 significat
813 3172 889 3216 ac
949 3153 1328 3237 μαίνεσθαι,
1394 3159 1718 3218 auctorem
1773 3152 1960 3235 hujus
2014 3154 2332 3237 epistolae
2395 3154 2746 3220 manticam

437 3268 727 3335 docuisse
756 3271 1239 3355 inspirationem
1277 3291 1600 3337 censeres.
1679 3271 1833 3349 Quis
1865 3293 1995 3337 non
2023 3272 2212 3356 videt,
2256 3273 2519 3340 verbum
2551 3269 2744 3360 φερό-

435 3412 615 3472 μενοι
669 3380 865 3455 verbo
918 3383 1169 3476 ἠνέχθη
1227 3391 1463 3476 opponi
1485 3391 1509 3430 '²
1574 3397 1639 3457 et
1696 3391 1987 3457 homines
2044 3393 2169 3457 Dei
2225 3393 2318 3458 ita
2372 3393 2744 3479 nuncupari,

435 3528 560 3573 non
614 3509 785 3593 quod
841 3516 1054 3576 mente
1110 3511 1375 3577 alienati
1434 3511 1696 3605 fuerint,
1756 3511 1875 3577 sed
1932 3512 2111 3595 quia,
2168 3519 2236 3578 ut
2279 3513 2585 3579 Calvinus
2631 3514 2741 3598 ait,

433 3626 585 3692 nihil
631 3643 673 3693 a
702 3648 773 3693 se
805 3629 963 3713 ipsis
994 3630 1134 3696 ausi
1168 3631 1335 3696 sint?
1410 3629 1842 3707 Quamobrem
1874 3629 1996 3696 hoc
2026 3637 2268 3698 tantum
2300 3632 2432 3698 illic
2461 3632 2743 3719 docetur,

435 3747 780 3831 prophetas
827 3769 1037 3833 neque
1080 3750 1334 3834 publice
1364 3750 1786 3835 praedicasse
1834 3770 2042 3832 neque
2075 3751 2410 3836 scripsisse
2442 3752 2565 3818 nisi
2601 3753 2741 3839 Spi-

437 3865 590 3931 ritus
621 3866 822 3934 divini
852 3870 916 3935 vi
944 3876 1313 3953 commotos,
1356 3870 1449 3935 ita
1478 3875 1546 3934 ut
1574 3875 1639 3935 et
1668 3870 1943 3935 materia
1974 3877 2039 3935 et
2069 3869 2271 3938 forma.
2300 3872 2739 3939 vaticiniorum

438 4038 505 4045 *-

568 4156 587 4196 ¹
648 4156 880 4225 Spiritus
915 4164 1134 4211 sanctus
1172 4173 1270 4226 per
1303 4156 1600 4226 prophetas
1645 4158 1855 4212 locutus
1894 4165 2079 4222 est·(v.
2109 4162 2215 4227 11),
2256 4161 2485 4229 apostoli
2524 4162 2578 4215 in
2618 4162 2739 4231 Spi-

434 4256 535 4310 ritu
571 4266 758 4312 snncto
800 4260 1132 4328 evangelium
1167 4260 1618 4328 praedicaverunt
1655 4264 1727 4326 (v.
1754 4262 1860 4323 12).

565 4343 589 4383 ²
630 4344 751 4399 Non
784 4344 1049 4410 ferebant,
1085 4345 1183 4400 sed
1216 4344 1533 4398 ferebantur
1564 4346 1917 4413 (Bengelius).
