3264 5076
1454 427 1541 501 63

501 656 574 718 In
622 653 860 736 Ignatii
908 653 1230 737 epistolis,
1287 674 1388 719 ao.
1426 656 1545 717 107
1581 653 1688 720 vel
1741 674 1839 719 ao.
1873 657 1993 717 116
2041 653 2435 738 conscriptis,
2484 672 2650 717 eom-

329 774 554 857 plures
610 773 732 838 loei
780 779 1066 858 exstant,
1118 773 1347 855 quibus
1403 768 1481 839 τὸ
1535 767 1913 858 εὐαγγέλιον
1968 779 2032 838 et
2092 773 2333 856 scripta
2377 772 2649 857 prophe-

330 898 540 958 tarum
594 893 662 957 in
708 913 916 975 aequo
972 900 1309 979 ponuntur.
1396 897 1492 955 Aa
1534 898 1777 977 =Smyr-n.
1833 913 1885 959 e.
1922 893 1977 956 V
2029 891 2110 958 de
2162 892 2408 958 docetis
2464 891 2643 957 dicit:

337 1005 452 1088 οὓς
510 1005 633 1076 ov'x
696 1010 958 1077 ἔπεισαν
1012 1010 1087 1077 αἱ
1138 1024 1620 1097 προφητεῖαι
1683 1004 1823 1077 οὐδ’
1884 1004 1921 1078 ὃ
1984 1009 2220 1096 νόμος
2276 1011 2648 1088 Μωσέως,

339 1123 483 1194 ἀλλ’
536 1124 689 1228 οῆδὲ
740 1132 929 1216 μέχρι
987 1134 1110 1197 νῦν
1165 1127 1253 1215 τὸ
1311 1124 1774 1215 εὐαγγέλιον
1827 1125 1978 1196 οὐδὲ
2044 1127 2126 1196 τὰ
2175 1125 2456 1217 ἡμέτερα
2509 1133 2650 1195 τῶν

334 1246 501 1315 κατὰ
554 1245 765 1335 ἄνδρα
817 1246 1193 1337 παθήματα.
1306 1249 1858 1335 Simplicissimum
1928 1250 2183 1334 quidem
2248 1250 2433 1316 nobis
2500 1270 2646 1315 esse

333 1367 614 1454 videtur,
668 1365 746 1435 τὸ
800 1363 1179 1455 εὐαγγέλιον
1228 1369 1353 1436 hoe
1404 1370 1548 1435 loeo
1601 1369 1770 1434 idem
1829 1360 1999 1453 quod
2046 1369 2217 1455 apud
2270 1376 2489 1454 patres
2536 1391 2646 1454 po-

334 1490 636 1555 steriores
694 1490 1059 1574 significare
1104 1489 1166 1555 h.
1200 1511 1253 1556 e.
1298 1490 1708 1574 evangelium
1757 1491 2087 1575 seriptum,
2140 1510 2270 1554 non
2308 1489 2642 1574 praediea·

335 1609 575 1676 tionem
621 1609 1091 1693 evangelicam.
1128 1700 1133 1701 γ
1184 1609 1315 1675 Sed
1364 1609 1761 1693 eonfitemur,
1821 1610 2200 1675 sententiam
2258 1609 2644 1674 contrariam

334 1748 375 1792 a
424 1730 785 1805 Gieselerffl,
836 1730 1135 1807 Hefeli02,
1194 1730 1586 1793 Landerero3
1651 1728 1979 1796 defensam
2040 1730 2432 1813 argumentis
2479 1729 2645 1794 suffi-
2743 1702 2744 1705 Ἴ

338 1848 646 1914 cientibus
702 1848 964 1913 refutari
1020 1869 1150 1915 non
1206 1869 1420 1933 posse.
1522 1850 1670 1914 Non
1717 1848 1904 1916 aliter
1943 1848 2367 1933 judicandum
2421 1854 2519 1914 est
2562 1848 2643 1914 de

336 1966 474 2033 loeo
520 1967 633 2032 illo
680 1970 994 2053 epistolae
1042 1974 1129 2032 ad
1170 1973 1408 2048 Smyrn.
1444 1988 1493 2033 e.
1529 1970 1676 2034 VII:
1735 1969 2004 2054 Πρέποι)
2055 1957 2177 2033 οὖν
2222 1967 2399 2033 ἐστιν
2441 2019 2644 2034 .....

339 2087 764 2171 προσέχειν
817 2101 985 2165 τοῖς
1041 2083 1515 2174 προφήταις,
1580 2086 2005 2172 ἐξαιρέτως
2056 2088 2133 2153 δὲ
2179 2089 2289 2173 τῷ
2343 2080 2644 2172 εὐαγγε-

333 2206 506 2289 λίῳ,
563 2204 636 2270 ἐν
687 2195 745 2291 ᾧ
798 2203 876 2273 τὸ
931 2202 1152 2284 πάθος
1218 2201 1374 2293 ἡμῖν
1436 2202 1798 2294 δεδήλωται
1863 2209 1973 2272 καὶ
2030 2201 2072 2293 ἡ
2139 2200 2487 2284 ἀνάστασις
2550 2231 2644 2272 τε·

331 2324 680 2389 τελείωται.
787 2326 1001 2391 Etiam
1070 2327 1137 2391 in
1195 2327 1336 2391 loeo
1396 2326 1505 2392 illo
1559 2328 1874 2413 epistolae
1939 2332 2025 2392 ad
2077 2331 2314 2391 Philad.
2369 2348 2420 2391 e.
2471 2327 2642 2391 VIII:

330 2434 502 2509 Ἐπεὶ
555 2438 806 2530 ἤκουσά
860 2468 1066 2510 τινων
1136 2441 1492 2530 λεγόντων,
1552 2441 1656 2513 ὅτι
1714 2444 1829 2512 ἐὰν
1879 2443 1969 2533 μὴ
2023 2445 2094 2511 ἐν
2152 2458 2290 2522 τοῖς
2348 2439 2641 2529 ἄρχαίοις

334 2557 530 2648 εὕρω,
587 2562 661 2629 ἐν
714 2567 822 2650 τῷ
874 2558 1301 2652 εὐαγγελίῳ
1348 2560 1429 2632 ov'
1470 2563 1785 2645 πιστεύω,
1844 2588 1975 2634 non
2033 2565 2641 2651 vide0‚-quomodo

331 2690 515 2748 extra
569 2704 821 2750 omnem
867 2683 1331 2751 dubitationem
1387 2686 1686 2752 eolloeari
1738 2687 1970 2771 possit,
2029 2685 2439 2770 evangelium
2485 2689 2644 2748 tam-

334 2823 522 2888 quam
570 2802 1018 2871 doeumentum
1066 2806 1396 2890 seriptum,
1454 2807 1630 2890 eujus
1685 2806 2125 2872 auctoritatem
2181 2804 2494 2870 haeretiei
2547 2825 2642 2870 re-

344 3128 543 3183 sionem
591 3129 908 3198 praebuisse
948 3129 1287 3197 perhibetur,
1338 3130 1757 3183 commentitium
1812 3145 1930 3184 esse
1985 3130 2112 3195 (cfr.
2154 3131 2481 3200 Ileselium
2526 3129 2561 3183 l.
2600 3146 2648 3183 e.

344 3230 394 3282 p.
418 3214 596 3267 XLIX
621 3231 755 3284 sqq.‚
808 3215 1225 3270 Uhlhornium
1273 3216 1306 3270 l.
1334 3232 1377 3270 e.
1426 3232 1478 3283 p.
1506 3216 1605 3268 264
1631 3223 1798 3283 sqq.),
1844 3232 2005 3284 porro
2041 3216 2297 3269 haereses
2334 3215 2402 3268 ab
2440 3214 2650 3283 Ignatio

343 3299 675 3369 impugnatos
710 3299 1100 3370 posterioribus
1137 3300 1347 3354 demum
1384 3301 1717 3369 temporibus
1752 3302 1983 3369 viguisse
2032 3301 2148 3364 (cfr.
2183 3303 2238 3354 ΙΙ
2245 3321 2268 3353 e
2261 3302 2315 3369 s
2316 3303 2372 3354 el
2383 3304 2507 3355 ium
2540 3300 2574 3354 l.
2601 3317 2646 3354 e.

342 3401 391 3452 p.
417 3386 591 3439 LVIII
617 3402 724 3455 sq.‚
786 3386 1277 3441 Uhlhorniumi.
1306 3403 1349 3441 c.
1386 3404 1437 3456 p.
1461 3389 1558 3439 281
1586 3393 1755 3455 sqq.),
1802 3386 2033 3456 denique
2069 3387 2345 3441 falsarium
2380 3385 2649 3453 quendam

344 3470 529 3537 Ignatii
554 3487 842 3541 personam
871 3472 1044 3539 egisse
1072 3472 1187 3534 (cfr.
1221 3475 1546 3539 Hothium,
1582 3476 1683 3527 Die
1713 3474 1960 3543 Ansc‘inye
1985 3477 2076 3526 cler
2100 3473 2428 3525 christlichen
2459 3471 2650 3525 Kirche

344 3559 446 3610 und
474 3560 613 3610 ihrer
649 3558 982 3626 Vevgsassuny.
1025 3559 1171 3612 1837.
1207 3575 1259 3626 p.
1284 3560 1553 3626 718,sqq.).
1589 3558 1880 3611 Maximam
1907 3556 2119 3626 quidem
2146 3556 2389 3610 veritatis
2413 3556 2647 3624 speciem

348 3655 410 3693 ea
441 3640 666 3708 habent,
718 3658 858 3711 quae
898 3658 965 3696 ex
1002 3643 1315 3712 episcopatu
1350 3644 1404 3697 in
1445 3643 1687 3712 epistolis
1720 3643 1838 3697 istis
1872 3642 2030 3697 valde
2066 3641 2437 3696 commendato
2476 3647 2531 3695 et
2566 3658 2651 3695 ce-

344 3724 544 3780 lebrato
579 3729 935 3797 protulerunt.
1005 3729 1081 3781 At
1116 3728 1330 3795 dubito,
1381 3729 1507 3801 quin
1545 3733 1891 3798 argumenta,
1938 3728 2130 3797 quibus
2171 3730 2219 3781 12
2232 3732 2372 3783 ochi
2384 3747 2456 3781 us
2500 3728 2567 3793 (1.
2605 3744 2649 3782 e.

346 3826 392 3876 p.
421 3814 513 3864 728
539 3817 677 3881 sqq.)
728 3821 784 3868 et
841 3814 1238 3870 Ulzlhornz'us
1272 3816 1330 3878 (l.
1361 3831 1404 3870 c.
1438 3831 1492 3882 p.
1520 3819 1617 3867 317
1647 3818 1783 3883 sqq)
1836 3814 2213 3880 ostenderunt,
2275 3813 2645 3882 episcopatum

357 3895 418 3948 ab
453 3896 658 3966 Ignatio
696 3898 1024 3953 celebratum
1060 3902 1369 3969 nuperrime
1404 3901 1461 3953 iu
1497 3901 1727 3954 eeclesia
1759 3900 1901 3954 illius
1938 3900 2135 3953 aetatis
2170 3899 2468 3953 institutum
2496 3903 2550 3951 et
2574 3898 2642 3951 ab

354 3980 656 4052 episcopatu
706 3985 1020 4053 posterioris
1065 3985 1403 4044 hierarchiae
1451 3986 1720 4045 diversum
1764 3983 1955 4055 fuisse,
2006 3985 2074 4038 ab
2124 3982 2494 4042 illustrissimis
2531 3983 2638 4037 illis

352 4065 542 4121 criticis
576 4069 866 4138 profligata
901 4071 1021 4125 sint.

479 4171 499 4208 1
543 4171 604 4227 L.
631 4188 675 4227 e.
710 4189 764 4242 p.
798 4175 907 4227 106.

481 4274 502 4312 2
544 4274 631 4327 Ad
665 4275 807 4330 hunc
839 4277 1030 4334 locum.

482 4375 506 4415 ³
546 4377 606 4436 L.
634 4395 676 4432 e.
713 4380 908 4457 p.2·14,
