3264 5076
1626 388 1716 462 22

500 626 730 706 poetas
777 626 843 684 et
895 623 1080 683 vates
1137 615 1289 701 quid
1332 616 1724 683 enuntient.¹
1824 618 2016 696 Quae·
2047 616 2304 701 quidem
2352 616 2695 702 sufficiunt,
2753 622 2821 682 ut

500 739 837 804 Philonem
870 736 1315 821 inspirationis
1351 736 1678 801 notionem
1711 757 1753 801 a
1782 737 2128 820 gentilibus
2154 744 2504 803 mutuatum
2529 757 2677 804 esse
2713 736 2823 802 de-

507 857 952 924 monstretur-,²
1034 854 1466 920 Ethnieismus
1512 855 1998 941 inspirationem
2044 855 2218 922 idem
2266 878 2342 923 ae
2386 857 2628 941 μανίαν
2671 875 2820 922 esse

508 984 758 1061 censet3
829 975 1039 1060 poetis
1092 975 1158 1038 in
1214 980 1361 1040 aetu
1413 974 1737 1042 scribendi
1792 977 2283 1061 inspirationem
2338 977 2476 1042 sive
2521 974 2827 1041 ἔκστασιν

500 1097 815 1179 attribuit3
870 1095 1035 1162 fines
1103 1095 1544 1180 inspirationis
1605 1096 1922 1161 latissime
1980 1095 2290 1163 extendit.
2378 1095 2631 1180 Duplici
2689 1100 2833 1161 tan-.

499 1228 629 1284 tum
675 1216 927 1281 ratione
974 1215 1160 1280 Plato
1206 1234 1248 1278 a
1290 1212 1559 1280 Philone
1604 1212 1957 1300 discrepat:
2004 1216 2274 1301 primum
2323 1236 2401 1282 eo
2447 1213 2616 1298 quod
2651 1220 2823 1278 Plato

503 1336 786 1403 divinum
830 1331 1009 1416 illud,
1056 1333 1139 1398 ad
1185 1331 1355 1416 quod
1396 1340 1668 1399 naturae
1700 1334 1919 1400 finitae
1951 1343 2020 1399 ιιι
2046 1335 2506 1401 revelationem
2544 1334 2823 1418 accipiat

505 1456 816 1523 extollere
869 1473 1019 1520 sese
1072 1471 1344 1518 neeesse
1390 1458 1513 1538 est,
1572 1473 1805 1519 revera
1847 1454 1976 1520 vim
2023 1453 2347 1521 humanae
2393 1456 2651 1519 animae
2697 1453 2823 1536 ipsi

496 1552 789 1641 'innatam
837 1591 983 1639 esse
1029 1575 1331 1654 censet33
1377 1578 1549 1637 Philo
1597 1574 2216 1658 supranaturalismo
2250 1572 2518 1660 judaieo
2565 1579 2823 1638 coaetus

501 1695 816 1761 infinitum
862 1716 991 1759 non
1035 1695 1103 1759 in
1149 1693 1368 1759 anima
1423 1692 1739 1776 humana,
1799 1691 1915 1759 sed
1973 1694 2040 1758 in
2098 1693 2238 1759 solo
2293 1694 2550 1760 numine
2604 1691 2823 1759 divino

498 1817 707 1901 ponit3
752 1812 987 1880 deinde
1017 1834 1172 1880 vero
1218 1813 1388 1897 quod
1429 1812 1600 1877 Plato
1644 1809 1906 1897 μάντεις
1948 1819 2015 1879 et
2056 1809 2402 1899 προφήτας
2445 1813 2506 1878 h.
2540 1832 2595 1879 e.
2633 1818 2822 1879 vates

501 1941 566 2001 et
618 1954 763 2016 eos,
835 1934 943 2017 qui
1005 1935 1149 2000 visa
1217 1938 1281 1998 et
1346 1932 1520 1999 dicta
1581 1933 1667 1998 ab
1738 1933 2070 2018 inspiratis
2142 1932 2670 2017 interpretantur,
2729 1930 2820 1996 di-

495 2054 821 2138 stinguit⁴‚
876 2053 1050 2140 apud
1098 2059 1406 2118 Philonem
1434 2048 1699 2137 μάντεις
1738 2059 1804 2118 et
1845 2055 2181 2139 προφῆται
2221 2050 2396 2118 idem
2429 2050 2814 2134 significant.

498 2173 883 2256 Ceteroquin
928 2193 1083 2240 vero
1116 2172 1196 2238 de
1236 2172 1659 2258 inspiratione
1692 2171 1890 2256 plane
1922 2171 2343 2255 consentiunt,
2390 2173 2483 2237 ita
2512 2177 2582 2236 ιιι
2618 2170 2814 2236 etiam

495 2291 619 2358 hoe
673 2292 818 2359 loco
883 2291 1042 2371 illud
1101 2298 1355 2378 patrum
1415 2291 1732 2357 eeclesiae
1799 2289 2066 2356 dietum:
2137 2292 2365 2356 Φίλων
2408 2292 2817 2373 Πλατωνίζει

491 2433 709 2479 verum
765 2432 913 2480 esse
968 2418 1305 2497 appareat.
1397 2409 1718 2477 ,Iudaismi
1762 2410 2188 2477 Alexandrini
2251 2410 2507 2476 omnino
2552 2411 2814 2496 propria

495 2538 594 2599 est
637 2533 976 2618 permixtio
1024 2504 1482 2598 sententiarum
1501 2530 1913 2614 judaicarum
1944 2535 2009 2596 et
2038 2530 2389 2614 gentilium.
2472 2531 2686 2611 Quare
2729 2531 2818 2598 ad

510 2805 648 2858 οὕτω
688 2807 889 2858 πολλοῦ
926 2801 1074 2869 ι’ἶξια,
1112 2796 1196 2862 οἷς
1231 2805 1359 2862 νοῦς
1389 2824 1464 2876 μ1
1503 2820 1793 2872 παρεστιν,
1831 2798 1999 2856 ἇλλίῧ
2036 2799 2169 2860 θεὸς
2205 2800 2364 2864 αι’τὸς
2388 2798 2540 2857 ἔστιν
2566 2801 2594 2858 ὅ
2618 2805 2815 2876 λέγων,

501 2888 598 2944 διὰ
634 2890 842 2945 τούτων
879 2889 942 2946 δὲ
980 2889 1299 2960 φθέγγεται
1336 2885 1474 2973 πρὸς
1511 2886 1667 2960 ἷ-μῖις.

637 2978 655 3018 ¹
709 2979 868 3031 stleno
903 2993 955 3045 p
983 2980 1048 3029 99
1070 2975 1130 3028 d:
1174 2973 1357 3043 ὄρθῶς
1394 2973 1482 3044 αρ’
1521 2972 1593 3026 ἆν
1627 2976 1896 3046 καλοῖμεν
1931 2976 2121 3031 θείους
2157 2992 2214 3027 τε
2250 2973 2343 3033 οὓς
2378 2978 2485 3028 νῦν
2522 2973 2587 3029 δ1
2629 2972 2817 3047 ἐλέγο-

497 3080 605 3133 μεν
638 3058 1007 3134 χρνσμῳδοίς
1039 3061 1133 3113 καὶ
1168 3078 1397 3132 μιιντεις
1431 3062 1525 3114 καὶ
1562 3058 1687 3117 τοὶς
1726 3056 2045 3129 ποιητικοῖς
2081 3058 2349 3118 ἅπαντας·
2386 3080 2479 3112 και
2508 3060 2631 3119 τοῖς
2665 3066 2815 3115 πολι·

498 3143 677 3204 τικούς
724 3165 826 3216 ουχ
870 3145 1066 3216 ἥκιστα
1114 3141 1318 3199 τυίτων
1364 3152 1580 3218 φαῖμεν
1626 3143 1701 3197 ἄν
1745 3147 1932 3203 θείους
1977 3164 2038 3198 τε
2073 3140 2221 3198 εἶναι
2265 3146 2359 3198 καὶ
2405 3141 2814 3213 ἐνθουσιαζειν,

501 3228 772 3289 ἐπίπνους
819 3230 979 3290 ὄντας
1026 3232 1120 3284 καὶ
1156 3228 1556 3304 κατεχομένους
1592 3227 1652 3283 ἐκ
1689 3234 1783 3285 τοῦ
1833 3234 1969 3284 θεοῦ
2017 3231 2151 3284 ὅταν
2191 3233 2510 3305 κατορθῶσι
2557 3233 2815 3302 λέγοντες

502 3314 674 3369 πολλὰ
723 3317 817 3369 καὶ
876 3312 1094 3388 μεγαλα
1152 3311 1476 3388 πρι’γματιι,
1532 3315 1713 3390 μηδὲν
1758 3312 1968 3375 εἰδότες
2028 3305 2105 3368 ὧν
2149 3315 2390 3386 λέγουσι.
2479 3322 2628 3420 Apol.
2666 3322 2812 3374 Socr.

494 3420 547 3470 p.
578 3405 644 3453 22
666 3417 720 3455 c:
758 3399 942 3505 ἔγνων
978 3422 1077 3454 οι·ν
1115 3422 1182 3454 ccv
1215 3404 1309 3455 καί
1348 3403 1477 3472 περὶ
1510 3404 1623 3454 τῶν
1660 3404 1903 3471 ποιητῶν
1928 3398 1991 3454 ἐν
2017 3398 2184 3474 ὀλίγῳ
2219 3421 2310 3454 τοι
2314 3420 2391 3467 το,
2430 3402 2511 3455 ότι
2547 3401 2610 3455 οὗ
2636 3407 2813 3475 σοφίᾳ

502 3491 719 3540 ποιοῖεν
764 3487 799 3539 ἃ
846 3492 1077 3551 ποιοῖεν,
1127 3482 1262 3540 ἀλλὰ
1310 3483 1481 3557 ‹pla-ec
1526 3488 1637 3540 τινὶ
1684 3489 1778 3540 καὶ
1825 3481 2312 3551 ἐνθουσιάζοντες,
2360 3485 2548 3557 ὥσπερ
2595 3489 2651 3540 οἱ
2686 3496 2812 3541 θεο-

492 3568 724 3645 μάντεις
767 3574 861 3626 καὶ
907 3573 962 3624 οἱ
1007 3572 1346 3646 χρησμῳδοί.
1402 3574 1496 3626 καί
1533 3592 1649 3644 γαρ
1688 3564 1833 3626 οὗτοι
1881 3569 2101 3643 λέγουσι
2151 3569 2259 3644 μὲν
2297 3568 2471 3625 πολλα
2518 3593 2613 3626 και
2651 3571 2809 3638 κιιλιι,

494 3658 698 3711 ἴσασι
739 3657 811 3711 δὲ
846 3656 1052 3711 οὐδὲν
1090 3649 1180 3710 ὧν
1213 3653 1504 3728 λέγουσι.

629 3746 655 3786 2
711 3744 906 3797 Plures
953 3744 1057 3797 loci
1105 3749 1320 3797 exstant
1365 3744 1511 3813 apud
1546 3732 1888 3813 Sonntoyium
1934 3744 1967 3798 l.
1996 3758 2041 3797 c.
2089 3759 2142 3811 p.
2174 3745 2202 3795 1
2238 3759 2352 3812 sqq.
2400 3749 2456 3797 et
2504 3747 2811 3800 Grimminm

484 3845 527 3884 s,
552 3847 600 3884 v.
637 3832 963 3899 Inspiration
998 3829 1052 3882 in
1093 3828 1533 3898 Encyclopaedia
1566 3828 2119 3883 Ersch-Gruberiana.
2182 3828 2325 3882 Seet.
2353 3829 2420 3883 11.
2460 3830 2517 3883 Ρ.
2551 3833 2626 3884 19.

629 3917 654 3957 3
701 3914 808 3969 Cfr.
845 3916 1202 3969 Ernestum
1238 3920 1309 3970 de
1346 3918 1639 3970 Laaeaulx
1674 3914 1707 3967 l.
1735 3929 1777 3967 c.
1812 3931 1864 3982 p.
1892 3916 1955 3966 37
1982 3930 2097 3981 sqq.

628 4002 653 4042 4
707 4003 758 4054 T
752 4005 838 4055 im.
871 4017 923 4068 p.
954 4002 1083 4055 710.
1121 4003 1186 4052 72
1204 4015 1253 4054 a.
1280 3999 1344 4053 b:
1392 4002 1486 4052 τοῦ
1523 3997 1585 4051 δὲ
1621 3998 1920 4069 μιινὲντυς,
1971 3996 2053 4052 ἔτι
2102 3999 2165 4051 δὲ
2212 3993 2275 4050 ἐν
2310 3995 2479 4071 τούτῳ
2522 3999 2808 4072 μένοντος,

487 4084 584 4139 οὐκ
622 4083 790 4158 ἔργον
814 4082 881 4138 τὰ
908 4082 1215 4155 φανένταῆ
1245 4084 1592 4154 φωνηθέντα
1628 4082 1709 4154 {up
1746 4081 1942 4136 ἑαυτοῦ
1975 4086 2212 4157 κρίνειν,
2250 4082 2366 4136 ἀλλ’
2402 4072 2465 4136 εἷ)
2499 4086 2595 4137 καὶ
2634 4081 2805 4139 πάλαι

484 4171 704 4241 λέγεται
753 4170 814 4224 το
861 4166 1129 4242 πράττειν
1161 4170 1256 4222 καὶ
1304 4171 1516 4239 γνῶναι
1563 4166 1632 4222 τά
1681 4187 1738 4221 τε
1787 4165 1949 4222 αὖτυῦ
1997 4170 2091 4222 καὶ
2128 4166 2321 4226 ἑαυτὸν
2356 4166 2613 4240 σώφρονι
2648 4169 2804 4245 μόνῳ

480 4253 802 4326 προσήκειν.
857 4256 996 4310 ὅθεν
1031 4252 1098 4326 δὴ
1134 4256 1229 4308 καὶ
1273 4252 1336 4307 τὸ
1379 4256 1686 4325 προφητῶν
1722 4254 1888 4324 γένος
1937 4251 2030 4308 ἐπὶ
2074 4260 2193 4312 ταῖς
2240 4250 2464 4313 ἐνθέοις
2509 4259 2802 4328 μαντείαις

478 4337 670 4415 κριτὰς
708 4336 1133 4396 ἐπικαθιστάνει
1170 4337 1357 4412 νόμος.
