3264 5076
1666 419 1751 492 90

539 645 940 711 motabilium
989 644 1220 713 afferre
1249 644 1351 712 his
1381 646 1518 714 fere
1549 645 1792 711 verbis:
1837 638 2297 731 Ἐξηγούμευος
2341 642 2449 711 διὰ
2477 648 2855 726 Ματθαὶου,

539 768 769 831 Λουκᾶ
811 759 849 833 o‘
896 761 1092 851 λόγος
1142 767 1263 832 τοῦ
1299 767 1463 831 θεοῦ
1507 758 1721 842 οὕτως
1767 766 1927 851 φησί
1963 766 2068 831 vel
2114 765 2361 852 εἴρηται
2404 762 2529 851 γάρ
2572 790 2704 833 που
2744 763 2855 832 διὰ

530 878 836 951 Ἰωάννου
877 880 1130 962 οὕτωςῬ
1219 886 1510 951 Necesse
1557 892 1724 969 erat,
1772 891 1840 950 ut
1885 904 1968 951 ea
2009 885 2103 950 ita
2148 884 2467 970 allegaret
2506 886 2600 951 uti
2642 887 2855 951 locum

535 1004 856 1087 quendam
901 1005 1133 1090 prioris
1179 1007 1421 1090 Regum
1469 1005 1632 1082 libri,
1681 1005 1860 1089 cujus
1908 1011 2128 1069 auctor
2171 1004 2427 1089 ignotus
2474 1011 2602 1072 est:
2638 999 2854 1070 Ἔνθα

536 1121 608 1188 ἐν
639 1126 719 1208 τῇ
748 1126 932 1208 τρίτῃ
952 1126 1303 1205 βασιλειῶν
1326 1122 1577 1212 ἱστορίᾳ
1606 1125 1962 1209 γέγραπται
1986 1122 2160 1209 (ΟοΙι.
2188 1130 2274 1188 ad
2297 1130 2397 1189 Gr.
2429 1147 2481 1191 c.
2501 1130 2602 1209 31,
2635 1147 2696 1211 p.
2714 1124 2848 1209 92).

701 1241 772 1328 3)
824 1227 1168 1308 Ονῖεάηενιιε
1195 1243 1584 1330 persuadere
1616 1244 1802 1310 nobis
1837 1250 2063 1330 tentat,
2095 1264 2177 1310 ne
2207 1243 2562 1325 indiguisse
2586 1243 2844 1327 quidem

530 1361 850 1426 Justinum
898 1364 1257 1446 evangeliis
1301 1363 1661 1450 inspiratis,
1719 1384 1858 1428 cum
1916 1383 2224 1449 expresse
2278 1363 2481 1448 dicat,
2535 1362 2843 1429 historiae

538 1488 602 1547 et
656 1480 989 1549 doctrinae
1036 1483 1462 1565 evangelicae
1506 1482 1696 1547 fidem
1757 1502 1830 1547 se
1884 1481 2159 1568 habere,
2212 1484 2366 1567 quia
2422 1503 2841 1568 quaecunque

534 1600 601 1664 in
648 1603 1008 1685 evangeliis
1052 1607 1393 1668 narrentur
1436 1602 1504 1667 in
1546 1600 2007 1687 prophetarum
2051 1601 2233 1667 libris
2276 1603 2405 1669 sint
2448 1605 2844 1689 praedicta¹,

534 1741 663 1787 non
706 1729 1069 1808 propterea,
1115 1720 1285 1805 quod
1333 1722 1767 1808 apostolorum
1815 1722 2067 1807 scriptis
2114 1742 2195 1788 ex
2242 1729 2450 1789 semet
2492 1724 2649 1809 ipsis
2698 1744 2842 1789 auc·
2886 1712 2895 1717 ’

530 1840 756 1906 toritas
811 1841 1031 1907 divina
1089 1842 1474 1927 competat.²
1571 1841 1657 1906 At
1710 1862 1840 1907 non
1893 1847 2151 1926 reputat
2199 1842 2482 1910 indolem
2536 1844 2840 1908 librorum

529 1959 808 2046 illorum,
854 1961 962 2045 qui
1006 1959 1090 2027 ad
1137 1981 1257 2027 nos
1302 1967 1756 2047 pervenerunt,
1804 1962 2300 2047 apologeticam.
2385 1963 2637 2029 Justino
2682 1966 2843 2029 veri-

531 2086 729 2145 tatem
775 2081 1106 2165 religionis
1153 2080 1546 2148 christianae
1592 2087 1815 2146 eontra
1857 2079 2146 2148 Judaeos
2193 2087 2257 2147 et
2302 2082 2580 2166 gentiles
2624 2083 2842 2150 defen-

527 2220 676 2265 suro
716 2219 752 2266 e
788 2201 1022 2267 Vetere
1055 2203 1506 2285 Testamento‚
1553 2198 1726 2283 quod
1769 2198 2004 2266 Judaei
2049 2199 2601 2286 amplectebantur
2647 2209 2840 2286 atque

529 2320 726 2385 etiam
771 2321 1048 2403 gentiles
1093 2326 1359 2406 propter
1403 2340 1717 2386 summam
1764 2319 2204 2403 antiquitatem
2255 2327 2321 2387 et
2352 2322 2838 2389 translationem

522 2439 1031 2505 Alexandrinam
1087 2441 1592 2526 venerabantur,
1646 2441 1859 2525 magis
1916 2460 2107 2523 quam
2167 2459 2203 2505 e
2262 2441 2447 2507 Novo
2503 2462 2839 2527 argumen-

519 2560 784 2626 tandum
832 2569 990 2627 erat.
1075 2562 1301 2628 Merito
1357 2561 1549 2643 igitur
1583 2562 2006 2626 leierschiusss
2057 2562 2323 2645 quaerit,
2373 2582 2648 2645 quonam
2685 2563 2835 2647 jure

523 2681 764 2746 morosi
809 2681 905 2744 illi
951 2680 1152 2746 critici
1183 2686 1455 2766 ponant,
1485 2680 1684 2747 libros
1715 2680 1953 2747 Justini
1986 2680 2521 2748 antihaereticos4
2558 2680 2837 2748 eandem

520 2798 836 2865 rationem
886 2800 971 2865 ad
1008 2802 1258 2866 Novum
1291 2803 1783 2867 Testamentum
1812 2799 2121 2867 habuisse
2150 2819 2339 2884 quam
2375 2800 2836 2886 apologeticos.

694 2916 764 3003 4)
826 2918 958 2986 Sed
1022 2924 1365 2984 Crednerus
1428 2940 1506 2986 eo
1568 2940 1772 3003 usque
1827 2918 2142 3005 procedit,
2207 2927 2276 2986 ut
2327 2927 2696 2999 asseveret,
2750 2939 2833 2986 ne

516 3038 805 3123 potuisse
850 3037 1101 3122 quidem
1147 3040 1466 3105 ‚Iustinum
1513 3039 1850 3124 inspiratio
1862 3061 2008 3107 nem
2056 3040 2564 3106 memorabilium
2613 3060 2836 3107 conce-

662 3345 681 3385 l
729 3346 875 3401 Diaz.
914 3365 957 3401 c.
992 3349 1081 3402 Tr.
1120 3362 1166 3400 e.
1191 3349 1274 3413 48,
1312 3363 1365 3415 p.
1396 3349 1516 3398 156:
1558 3340 1754 3415 ἐπειδὴ
1792 3343 1892 3399 οι’·κ’
1926 3343 2303 3417 ἀνθρωπείαις
2339 3344 2650 3419 διδάγμασι
2685 3367 2834 3402 κεκε-

518 3423 802 3502 λεῦσμεθα
838 3428 946 3484 ὑπὸ
994 3428 1160 3484 αὐτοῦ
1205 3433 1300 3484 τοῦ
1337 3432 1584 3505 Χριστοῦ
1632 3434 1972 3500 πείθεσθαι,
2024 3428 2157 3484 ἀλλὰ
2192 3436 2307 3490 τοῖς
2345 3432 2438 3483 διὰ
2476 3436 2586 3486 τῶν
2622 3452 2835 3505 προφη-

515 3518 630 3568 τῶν
671 3523 1007 3591 κηρυχθεῖσι
1060 3517 1154 3569 καὶ
1207 3515 1280 3569 δι’
1330 3513 1492 3569 αἰτοῦ
1552 3516 1898 3587 διδαχθεῖσι.
1970 3522 2121 3587 Apol.
2157 3518 2208 3585 I,
2245 3520 2336 3585 33,
2396 3536 2450 3586 p.
2478 3519 2605 3574 208:
2666 3518 2737 3577 ὥς
2776 3520 2836 3586 pl

518 3598 1115 3675 ἆπομνημονείτσαντες
1147 3597 1331 3656 πάντα
1366 3597 1432 3656 τὰ
1468 3603 1600 3670 περὶ
1637 3605 1730 3655 τοῦ
1765 3603 2009 3675 σωτῆρος
2048 3600 2204 3675 ἡμῶν
2227 3601 2405 3674 Ἰησοῦ
2439 3603 2692 3673 Χριστοῦ
2726 3599 2837 3658 ἐδί·

516 3684 709 3752 δαξαν,
747 3680 830 3746 οἷς
865 3684 1291 3759 ἐπιστεύσαμεν,
1331 3681 1576 3758 ἐπειδὴ
1617 3688 1729 3740 καὶ
1777 3684 1892 3741 διὰ
1928 3687 2198 3741 Ἡσαΐου
2243 3691 2354 3742 τοῦ
2399 3689 2831 3759 προδεδηλω-

513 3772 720 3845 μένου
777 3767 846 3826 τὸ
900 3768 1327 3846 προφητικὸν
1388 3776 1651 3845 πνεῦμα
1713 3776 1905 3828 τοῦτο
1958 3770 2460 3847 γενησὸμενον,
2527 3772 2607 3832 ὥς
2671 3792 2835 3845 προ-

515 3854 927 3931 ομηνῦομεν,
968 3857 1111 3930 ἔφη.
1186 3857 1294 3915 efr.
1323 3863 1473 3930 Apol.
1498 3859 1539 3922 Ι,
1565 3862 1651 3926 53,
1689 3876 1742 3927 p.
1766 3862 1884 3915 240.

647 3944 673 3985 2
715 3944 800 3999 De
832 3944 1185 4013 inspiratione
1219 3962 1271 4014 p.
1299 3947 1365 3998 56
1390 3960 1467 4013 sq.
1538 3948 1782 4015 Beitrc'iye
1817 3946 1861 4013 Ι,
1899 3963 1952 4016 p.
1986 3947 2083 3999 128
2107 3961 2185 4014 sq.
2251 3946 2356 4000 Cfr.
2388 3948 2526 4000 Lan
2541 3951 2577 4001 d
2588 3966 2828 4002 ererum

514 4028 548 4084 l.
576 4045 618 4084 ο.
656 4047 709 4099 p.
734 4032 851 4083 275.

648 4115 672 4156 3
728 4116 951 4170 Versuch
985 4136 1077 4170 zur
1116 4109 1446 4187 Herstellzinq
1481 4126 1570 4172 etc.
1630 4133 1688 4185 p,
1714 4119 1830 4172 381.

649 4201 673 4241 ‘¹
729 4199 892 4254 Κατὰ
934 4202 1135 4254 πασῶν
1183 4200 1293 4255 τῶν
1340 4201 1734 4275 γεγενημένων
1780 4201 2059 4272 αἱρέσεων
2103 4206 2280 4272 (Apol.
2316 4203 2369 4271 1,
2399 4205 2492 4271 26,
2528 4220 2582 4272 p.
2612 4206 2733 4269 194)
2774 4211 2830 4257 et

510 4281 648 4340 κατὰ
685 4286 1053 4356 Μαρκίωνος,
1101 4302 1260 4355 quem
1296 4287 1512 4356 quidem
1545 4287 1741 4341 librum
1780 4289 2024 4343 Irenaeus
2060 4292 2214 4354 (Adv.
2258 4291 2397 4343 haer.
2433 4289 2526 4357 IV,
2566 4292 2653 4355 14)
2692 4303 2830 4345 com·

514 4377 789 4428 memorat.
