3264 5076
1623 397 1708 470 98

505 627 708 712 ipsius
762 625 1074 709 originem
1130 632 1352 692 eontra
1405 623 1769 691 discordem
1817 622 2150 708 gentilium
2198 617 2589 704 sapientiam
2635 638 2671 685 e
2712 636 2822 685 va-

505 745 738 811 ticiniis
785 751 852 812 et
896 745 1055 811 miro
1103 752 1428 811 auctorum
1480 762 1807 810 sacrorum
1864 760 2180 810 consensu
2226 739 2526 806 evincunt
2572 759 2649 805 ae
2694 759 2827 804 oer-

505 872 640 930 tam
692 863 1133 948 inspirationis
1179 865 1531 960 notionem,
1585 866 1724 931 sive
1770 862 2216 930 mechanicam
2269 860 2406 925 sive
2450 864 2820 943 manticam,

506 991 886 1069 proponunt.
1389 1054 1406 1065 ³

692 1105 759 1189 2)
814 1105 983 1171 Novi
1037 1106 1440 1171 Testamenti
1500 1105 1682 1172 libris
1739 1105 1881 1188 Jam
1944 1108 2096 1169 ante
2155 1099 2438 1168 medium
2495 1099 2821 1165 saeculum

506 1224 857 1290 seeundum
911 1224 1131 1290 divina
1180 1222 1537 1304 {auotoritas
1594 1225 1833 1290 tributa
1900 1230 2015 1289 est.
2105 1222 2360 1288 Etenim
2418 1221 2483 1285 in
2541 1219 2822 1304 epistola

509 1343 854 1410 Barnabae
909 1345 1316 1427 evangelium
1363 1343 1676 1410 Matthaei
1721 1349 2047 1426 tamqnam
2094 1342 2411 1428 scriptura
2453 1360 2645 1405 saera
2674 1340 2828 1404 alle-

513 1470 717 1547 gatur.
814 1465 1105 1548 Ignatius
1164 1464 1511 1548 evangelia
1570 1472 1636 1530 et
1691 1463 2128 1549 apostolorum
2175 1461 2487 1546 epistolas
2534 1460 2712 1527 novit
2756 1467 2822 1525 et

512 1582 841 1668 seripturis
890 1584 1141 1651 Veteris
1188 1583 1588 1650 Testamenti
1635 1583 2034 1670 aequiparat.
2110 1583 2272 1647 Item
2318 1601 2360 1646 a
2403 1581 2658 1646 Justino
2694 1599 2825 1644 me-

514 1702 854 1768 morabilia
921 1704 1357 1787 apostolorum
1421 1704 1460 1769 i.
1508 1724 1563 1769 e.
1621 1702 2053 1785 quadriforme
2121 1702 2534 1784 evangelium
2600 1699 2825 1766 eodem

511 1820 754 1887 honore
799 1843 924 1904 quo
971 1822 1116 1889 libri
1158 1822 1411 1889 Veteris
1444 1823 1844 1889 Testamenti
1874 1822 2212 1889 habentur.
2294 1821 2573 1887 Omnino
2607 1820 2826 1887 verisi-

514 1940 664 2006 mile
709 1948 835 2023 est,
894 1942 1149 2008 ineunte
1203 1964 1407 2026 regno
1464 1942 1779 2008 Hadriani
1836 1963 2059 2009 omnes
2104 1941 2250 2007 illos
2295 1941 2520 2025 libros,
2569 1941 2674 2024 qui
2720 1962 2830 2027 po·

512 2066 654 2126 stea
685 2053 1175 2147 ὁμολογούμενα
1205 2062 1755 2147 nuncupabantur,
1786 2083 1905 2126 usu
1936 2061 2254 2127 ecelesiae
2290 2061 2492 2127 fuisse
2520 2061 2824 2126 sancitos.

1346 2766 1641 2775 »ἡὴ-..ῥ’
1654 2765 1925 2773 —.--—---————
1942 2765 1959 2772 ⁴
