3264 5076
1482 417 1791 516 *IL*

480 667 549 713 re
573 647 735 711 adeo
765 651 993 729 certus,
1022 650 1091 709 ut
1121 642 1397 709 hominis
1425 641 1782 726 cujusdam,
1814 642 1922 726 qui
1942 642 2139 706 talem
2167 638 2534 723 Scripturae
2559 654 2786 700 sacrae

480 765 961 832 venerationem
992 764 1059 828 in
1087 761 1427 828 ludibrium
1456 767 1757 848 verterat,
1792 762 2068 829 celerem
2104 765 2480 844 turpemque
2511 760 2778 819 mortem

481 890 698 970 aperte
742 889 810 949 et
851 883 1131 966 ingenue
1177 881 1519 948 derideat.¹
1611 880 1802 948 Unde
1835 881 2057 964 clucet,
2103 898 2248 944 eum
2280 878 2533 944 interna
2560 893 2782 942 neces-

481 1004 668 1069 sitate
725 1003 1098 1068 adstrictum
1154 1001 1382 1087 fuisse,
1434 1007 1504 1066 ut
1559 1001 1895 1086 opiniones
1953 1019 2105 1065 suas
2157 995 2640 1084 philosophicas
2698 995 2782 1059 ab

482 1123 857 1188 auctoritate
903 1121 1097 1206 legis,
1146 1142 1337 1205 quam
1384 1121 1668 1186 maxime
1716 1119 2173 1202 venerabatur,
2231 1137 2361 1183 non
2407 1114 2780 1199 discrepare

484 1243 796 1328 probaret.

647 1365 704 1425 2.
751 1362 932 1427 Haec
985 1358 1245 1426 Thorae
1299 1359 1630 1426 veneratio
1704 1359 1877 1445 apud
1929 1357 2262 1423 Philonem
2317 1359 2564 1435 reliquis
2615 1355 2784 1417 libris

476 1487 672 1546 sacris
699 1481 918 1565 aliqua
947 1502 1029 1548 ex
1058 1486 1244 1566 parte
1271 1479 1657 1545 detrimento
1690 1483 1804 1543 est.
1859 1479 2168 1545 Auctores
2199 1498 2416 1544 eorum
2451 1480 2782 1558 quantum-

479 1600 574 1667 vis
602 1596 963 1686 προφήτας,
983 1596 1244 1684 μύστας,
1275 1600 1678 1677 θεσπεσίους,
1708 1594 2064 1675 θιασώτας,
2100 1591 2509 1682 ἱεροφάντας,
2548 1610 2783 1678 μυστα-

477 1715 744 1805 γωγούς,
789 1716 973 1796 τινὰς
1017 1718 1091 1784 ἐκ
1132 1724 1251 1783 τοῦ
1289 1719 1480 1784 θείου
1523 1720 1730 1802 χοροῦ
1768 1718 2068 1802 nominet,
2112 1724 2329 1783 tamen
2374 1722 2443 1781 ut
2480 1713 2784 1789 Μωσέως

480 1835 786 1924 ἑταίρους,
830 1834 1147 1924 μαθητάς,
1193 1831 1509 1923 φοιτητάς
1542 1837 1697 1904 huie
1740 1838 1934 1921 longe
1961 1837 2307 1923 postponit.
2386 1836 2642 1920 Scripta
2675 1854 2779 1900 eo-

472 1979 606 2033 rum
651 1959 850 2024 multo
898 1958 1102 2023 rarius
1148 1977 1341 2042 quam
1385 1955 1698 2035 Thoram,
1754 1957 2000 2041 aliquot
2054 1977 2380 2040 nunquam
2426 1954 2641 2036 affert,
2687 1953 2780 2016 ita

473 2087 558 2164 ut,
622 2076 1160 2163 quemadmodum
1239 2076 1603 2142 etiamnunc
1664 2074 2056 2142 Judaeorum
2131 2076 2450 2162 plerique,
2517 2073 2670 2140 inde
2740 2095 2781 2139 a

471 2218 664 2283 puero
717 2198 786 2263 in
831 2196 1270 2263 Pentateucho
1323 2217 1483 2281 prae
1530 2197 1759 2262 ceteris
1815 2196 1994 2262 libris
2039 2196 2391 2262 institutum
2444 2215 2520 2261 ac
2564 2213 2780 2261 versa-

473 2324 602 2384 tum
645 2339 790 2385 eum
847 2337 997 2385 esse
1053 2317 1427 2401 appareat.²
1522 2314 1846 2382 Vaticinia
1901 2315 2359 2401 prophetarum
2404 2335 2631 2400 parum
2678 2333 2780 2378 cu-

476 2458 628 2504 rans
673 2456 885 2523 paene
934 2435 1333 2502 solummodo
1366 2436 1435 2501 in
1468 2435 1790 2502 vaticiniis
1824 2435 2127 2501 Mosaicis
2161 2436 2397 2501 nititur.
2475 2436 2780 2500 Attamen

472 2558 619 2626 inde
668 2557 883 2641 colligi
947 2557 1195 2640 nequit,
1256 2577 1293 2623 e
1338 2556 1627 2623 Philonis
1674 2557 1996 2622 sententia
2041 2557 2123 2623 ab
2172 2557 2535 2623 auctoribus
2592 2553 2781 2619 libro-

472 2700 605 2744 rum
651 2678 935 2744 'Phoram
979 2678 1455 2762 insequentium
1502 2697 1709 2761 aeque
1757 2682 1948 2759 atque
1994 2677 2078 2743 ab
2125 2677 2269 2742 aliis
2300 2676 2778 2762 praestantibus

479 2798 839 2864 hominibus
894 2797 1211 2864 interdum
1258 2796 1498 2880 aliquid
1544 2795 1763 2863 eximii
1808 2798 1914 2862 vel
1960 2796 2159 2863 divini
2204 2796 2468 2880 dictum,
2514 2795 2780 2860 multum

479 2939 631 2985 vero
676 2917 943 2986 humani
986 2916 1087 2983 vel
1135 2916 1328 2983 etiam
1374 2915 1524 2982 falsi
1569 2917 1632 2981 ei
1678 2916 2028 2982 admixtum
2075 2936 2237 2982 esse.
2326 2909 2610 2983 Fuerunt
2654 2917 2786 3001 qui-

482 3037 662 3124 dem,
707 3037 815 3121 qui
860 3037 1064 3104 verba
1119 3037 1233 3101 illa
1285 3036 1431 3102 libri
1474 3040 1567 3100 De
1616 3039 1932 3100 Cherubim
1978 3035 2084 3122 (T.
2113 3038 2164 3119 Ι,
2203 3057 2265 3121 p.
2302 3040 2420 3099 147
2450 3035 2607 3121 sq.):
2651 3036 2782 3101 Καὶ

477 3153 597 3242 γὰρ
644 3152 774 3242 ἐγώ
822 3152 1002 3240 ,παρὰ
1046 3161 1285 3222 Μωσεϊ
1323 3158 1423 3240 τῷ
1466 3159 1774 3238 θεοφιλεῖ
1811 3156 2085 3241 μυηθεὶς
2126 3151 2209 3220 τὰ
2259 3151 2507 3240 μεγάλα
2547 3151 2781 3242 μυστή-

473 3300 599 3360 ρια,
645 3270 824 3361 ὅμως
854 3264 1050 3352 αὖθις
1080 3269 1451 3360 Ἱερεμίαν
1492 3271 1634 3341 τὸν
1675 3271 2090 3360 προφήτην
2134 3270 2332 3340 ἰδών
2376 3276 2505 3340 καὶ
2547 3271 2780 3359 γνοὺς

475 3389 597 3461 ὅτι
650 3388 741 3461 οὗ
781 3391 1026 3479 μόνον
1067 3390 1354 3480 μύστης
1399 3393 1643 3472 ἐστὶν,
1690 3387 1886 3459 ἀλλὰ
1928 3396 2060 3460 καὶ
2102 3390 2576 3481 ἱεροφάντης
2616 3393 2778 3461 ixa·

475 3511 603 3592 νός
658 3508 780 3580 οὐκ
833 3508 1103 3600 ὤκνησα
1154 3516 1461 3600 φοιτῆσαι
1514 3508 1682 3598 πρὸς
1735 3506 1962 3593 αὐτόν,
2028 3515 2122 3580 ita
2175 3516 2778 3600 interpretarentur:

474 3635 823 3701 Jeremiam
869 3654 998 3699 non
1042 3634 1248 3700 solum
1295 3652 1538 3700 arcana
1582 3631 1914 3699 doctrinae
1957 3633 2289 3700 Mosaicae
2349 3634 2780 3720 intelligentia

473 3754 795 3839 imbutum,
844 3751 962 3830 sed
1007 3754 1202 3819 etiam
1259 3750 1575 3820 interdum
1625 3753 1901 3838 propriis
1957 3753 2156 3819 oculis
2211 3751 2433 3819 divina
2485 3754 2809 3820 intuitum·

476 3876 681 3940 esse.3
759 3874 844 3939 At
886 3874 1174 3959 Mangey
1217 3872 1429 3939 verius
1474 3874 1568 3938 ita
1609 3873 2092 3958 interpretatur:
2142 3874 2322 3960 „Ego
2363 3872 2532 3940 enim
2565 3894 2783 3959 quarn-

613 4113 633 4152 1
676 4112 757 4165 Dc
781 4130 916 4166 nom.
941 4121 1117 4165 mutat.
1143 4110 1184 4178 1,
1222 4127 1276 4180 p.
1302 4114 1417 4166 587.
1492 4110 1600 4167 cfr.
1626 4114 1983 4178 Emmaus,
2029 4115 2330 4168 Geschichte
2366 4117 2459 4167 des
2494 4114 2674 4168 Volkes
2706 4115 2786 4167 Is-

476 4200 600 4252 rael.
648 4196 739 4264 VI,
775 4214 828 4266 p.
853 4197 954 4250 245
979 4211 1056 4265 sq.
1096 4195 1178 4250 ed.
1203 4196 1272 4252 Π.

612 4282 638 4322 2
682 4281 790 4337 cfr.
823 4283 1151 4338 Ewaldum
1182 4282 1223 4338 l.
1246 4298 1290 4338 c.

617 4367 643 4412 ³
687 4366 792 4423 cfr.
829 4369 1194 4424 Daehnium
1225 4367 1262 4425 l.
1287 4384 1332 4425 c.
