3264 5076
1541 406 1629 481 85

412 630 540 721 ἐγώ
574 630 857 721 σήμερον
889 629 1244 720 γεγέννηκά
1279 649 1348 699 σε
1383 633 1556 717 (ibid.
1586 633 1836 720 p-308)
1882 633 2123 700 tradita
2153 632 2309 717 sint,
2339 629 2403 698 h.
2437 652 2493 699 e.
2530 653 2723 699 evan-

410 754 644 836 gelium
700 752 1442 819 Judaeochristianorum
1498 774 1539 819 a
1580 756 1622 821 J
1626 760 1836 820 ustino
1891 753 2411 820 memorabilibus
2464 757 2724 837 aposto-

411 873 615 939 lorum
658 872 1091 940 adnumerari.
1163 875 1398 939 Verum
1446 880 1572 959 est,
1616 874 1685 938 in
1730 873 2074 958 evangelio
2119 872 2582 955 Ebionitarum,
2629 870 2722 935 uti

416 998 800 1073 Epiphanius
841 991 1065 1076 refert,
1122 998 1450 1058 narratum
1496 994 1856 1078 exstitisse,
1908 994 2241 1079 baptizato
2284 994 2445 1059 Jesu
2488 991 2724 1074 ingens

415 1113 632 1178 lumen
675 1112 884 1179 locum
942 1112 1354 1179 circumcirca
1397 1113 1855 1179 illuminasse.¹
1951 1113 2037 1180 At
2079 1114 2352 1198 primum
2399 1108 2575 1176 aliud
2609 1115 2725 1196 est,

419 1251 806 1315 quamquam
859 1232 1093 1319 simile,
1151 1230 1323 1316 quod
1374 1233 1665 1299 Justinus
1719 1232 1938 1318 refert,
1998 1234 2158 1299 Jesu
2211 1234 2280 1296 in
2326 1250 2559 1314 aquam
2617 1227 2728 1294 de-

418 1350 767 1419 scendente
805 1353 1023 1436 ignem
1053 1352 1121 1417 in
1148 1351 1437 1418 Jordane
1486 1352 1822 1418 effulsisse.
1896 1351 2152 1419 Deinde
2181 1350 2340 1418 nihil
2379 1370 2500 1416 nos
2533 1349 2724 1435 cogit,

415 1477 482 1536 ut
523 1473 726 1538 verba
768 1470 1065 1556 ἔγραψαν
1100 1475 1238 1537 κτλ.
1285 1471 1370 1537 ad
1413 1477 1616 1547 totam
1662 1472 2050 1541 sententiam
2096 1470 2551 1554 extendamus3
2594 1468 2721 1534 imo

415 1610 568 1657 vero
612 1593 654 1657 J
657 1591 904 1657 ustinus
949 1578 1286 1658 verborum
1334 1598 1669 1659 structura-
1694 1591 2101 1658 subindicare
2131 1590 2408 1675 videtur,
2454 1588 2725 1654 alteram

417 1715 660 1775 tantum
716 1711 1080 1778 sententiae
1134 1718 1385 1796 partem
1444 1733 1480 1778 e
1535 1688 2059 1778 memorabilibus
2120 1709 2556 1796 apostolorum
2615 1705 2723 1773 de-

421 1835 697 1895 sumtam
755 1849 922 1895 esse.
1019 1831 1122 1895 Ita
1164 1831 1306 1916 jam
1370 1831 1666 1895 Grabius²
1726 1832 1928 1898 verba
1977 1830 2216 1898 Justini
2266 1831 2723 1914 interpretatus

421 1954 545 2027 est,
593 1968 868 2033 eumque
918 1951 1085 2014 Otto3
1138 1956 1204 2017 et
1246 1951 1643 2015 &mischius-⁴
1696 1951 1901 2017 secuti
1942 1953 2143 2015 sunt.⁵
2239 1949 2311 2016 Si
2355 1950 2496 2033 quis
2524 1949 2728 2015 verba

419 2067 532 2132 illa
575 2067 871 2154 ἔγραψαν
914 2072 1051 2134 κτλ.
1098 2069 1185 2136 ad
1216 2069 1449 2155 omnia,
1479 2089 1647 2153 quae
1677 2070 1969 2137 Justinus
2000 2075 2249 2154 narrat,
2280 2068 2507 2135 referri
2541 2088 2723 2153 opor-

420 2193 556 2253 tere
602 2187 964 2274 arbitretur,
1007 2188 1150 2257 fieri
1190 2195 1474 2275 poterat,
1518 2196 1589 2255 ut
1629 2190 1922 2257 Justinus
1968 2208 2068 2273 ea,
2115 2208 2282 2272 quae
2310 2189 2380 2253 in
2412 2208 2724 2254 memora-

421 2307 653 2374 bilibus
728 2310 1167 2393 apostolorum
1240 2309 1301 2374 h.
1356 2327 1411 2374 e.
1476 2307 1891 2394 quadriformi
1965 2308 2304 2393 evangelio
2367 2306 2725 2393 apostolico

421 2426 743 2514 leguntur,
803 2433 870 2494 et
915 2448 1028 2513 ea,
1094 2449 1262 2511 quae
1308 2429 1445 2495 sive
1495 2428 1756 2495 traditio
1803 2429 1939 2496 sive
1987 2427 2393 2510 evangelium
2438 2427 2727 2493 Hebrae-

421 2567 595 2613 orum
647 2548 774 2633 ipsi
826 2549 1384 2634 suppeditaverat,
1449 2551 1557 2616 vel
1607 2551 1897 2615 consulto
1953 2550 2059 2615 vel
2113 2568 2231 2634 per
2287 2548 2544 2633 lapsum
2598 2566 2727 2614 me·

419 2666 661 2734 moriae
708 2668 1167 2736 commisceret.

593 2785 661 2872 6)
725 2787 1070 2853 Crednerus
1123 2807 1201 2854 eo
1259 2787 1691 2874 progreditur,
1755 2796 1825 2855 ut
1874 2790 1916 2855 J
1919 2788 2197 2854 ustinum
2251 2793 2475 2873 aperte
2531 2807 2724 2854 evan-

427 2905 613 2988 geliis
660 2906 895 2973 nostris
941 2908 1378 2973 contradicere
1425 2907 1715 2974 affirmet.
1786 2907 2052 2975 Duobus
2085 2906 2398 2991 exemplis
2433 2905 2556 2972 hoc
2585 2927 2728 2991 pro-

423 3024 577 3091 bare
621 3032 901 3092 conetur.
974 3026 1257 3116 Primum
1291 3032 1449 3093 Dial.
1490 3048 1541 3092 c.
1577 3033 1676 3092 Tr.
1709 3047 1763 3093 c.
1804 3031 1940 3112 103,
1985 3049 2049 3113 p.
2086 3030 2231 3111 346,
2270 3025 2380 3092 ubi
2407 3032 2720 3105 narratur,

421 3163 502 3210 ne
547 3165 738 3211 unum
785 3144 1045 3231 quidem
1073 3145 1398 3213 hominem
1430 3148 1592 3216 Jesu
1629 3168 1770 3213 cum
1801 3144 2451 3232 comprehenderetur
2479 3144 2722 3212 auxilio

557 3404 579 3443 1
623 3402 948 3473 V.An9eri
985 3403 1253 3474 Synopsin
1287 3420 1341 3472 p.
1366 3405 1449 3459 22.

556 3487 581 3528 2
627 3487 691 3541 In
713 3491 989 3559 Spicileyio
1004 3500 1217 3558 patrum
1239 3489 1282 3556 Ι,
1308 3506 1363 3558 p.
1384 3492 1442 3543 19
1464 3504 1571 3558 sq.:
1608 3489 1854 3544 Justinus
1877 3490 2000 3560 ipsa
2023 3488 2307 3543 verborum
2332 3487 2730 3542 constructione

422 3574 572 3640 quasi
605 3573 782 3627 studio
817 3573 1085 3628 indicasse
1120 3573 1349 3640 videtur,
1387 3574 1555 3629 verba
1599 3579 1920 3646 scripsmnt
1966 3578 2189 3644 apostoli
2224 3571 2582 3643 posteriorem
2617 3579 2734 3628 tan·

426 3665 535 3712 tum
567 3659 989 3728 propositionem
1037 3659 1103 3714 de
1148 3659 1429 3714 columbae
1478 3659 1770 3728 descensu,
1828 3677 1985 3730 quem
2030 3660 2343 3714 Matthaeus
2388 3663 2443 3711 et
2487 3658 2729 3713 Joannes

427 3745 655 3812 apostoli
697 3745 989 3799 memoriae
1034 3744 1407 3814 prodiderant,
1455 3762 1563 3799 non
1607 3745 1737 3800 item
1782 3746 2019 3815 priorem
2055 3746 2122 3800 de
2159 3746 2283 3814 igne
2319 3743 2731 3812 splendescente

424 3835 693 3897 spectare,
741 3830 1004 3899 siquidem
1048 3831 1141 3884 illa
1185 3831 1357 3885 solum
1401 3831 1457 3885 in
1501 3830 1660 3886 modo
1702 3828 1964 3885 infinitivo
2000 3846 2259 3901 expressa
2292 3829 2362 3884 ad
2396 3825 2457 3882 τὸ
2494 3830 2734 3900 Scripse-

424 3919 546 3967 runt
577 3915 897 3970 relationem
931 3916 1114 3983 habet,
1152 3932 1260 3970 non
1293 3918 1459 3985 prior,
1498 3933 1637 3986 quae
1672 3918 1728 3971 in
1762 3916 1920 3971 modo
1944 3915 2233 3970 indicativo
2257 3916 2437 3985 posita
2464 3926 2563 3985 est,
2588 3915 2735 3971 ideo-

422 4014 523 4067 que
558 4001 747 4055 merito
782 4001 840 4055 in
873 4001 1149 4071 impressis
1185 4002 1582 4071 exemplaribus
1617 4018 1719 4071 per
1752 4003 1907 4057 colon
1944 4002 2210 4058 distincta.

555 4089 579 4124 3
622 4086 710 4140 Ad
743 4087 858 4143 h.1.

554 4171 578 4211 4
621 4171 684 4226 L.
712 4187 754 4226 c.
794 4189 847 4241 p.
873 4175 975 4227 408
1000 4189 1078 4242 sq.

551 4260 576 4298 5
618 4258 797 4314 Etiam
834 4260 922 4314 Hi
933 4259 1127 4330 lyens
1129 4261 1336 4325 ezdus,
1375 4258 1641 4314 Kritisclze
1675 4261 2130 4331 Untersuclmnqen
2166 4277 2219 4329 p.
2250 4262 2345 4313 164
2381 4259 2508 4313 huic
2542 4259 2731 4315 verbo-

419 4356 532 4394 rum
572 4341 1008 4412 interpretationi
1044 4361 1150 4399 non
1185 4344 1520 4399 adversatur.
