3264 5076
1715 381 1797 454 96

583 607 943 694 evangeliis
988 629 1183 673 unum
1229 608 1526 697 digessit,
1567 608 1738 696 quod
1779 611 2206 676 Diatessaron
2234 609 2646 696 nuncupavit.
2716 610 2902 675 Hunc

583 730 812 795 librum
873 728 936 793 S.
969 727 1251 815 Ephrem
1299 730 1778 798 commentariis
1834 728 2204 814 illustravit,
2258 727 2436 812 cujus
2490 727 2766 795 initium:
2825 734 2902 794 In

573 854 886 929 principio
932 858 1069 912 erat
1109 850 1455 915 verbum.“¹
1542 849 1675 916 Sed
1707 848 1860 933 quid
1891 849 2017 916 hac
2043 849 2125 916 (le
2155 869 2226 915 re
2255 848 2443 934 plura
2473 848 2674 914 verba
2705 847 2902 913 facia-

580 970 768 1035 mus‘?
851 973 1195 1033 Crednerus
1235 969 1379 1053 ipse
1409 968 1534 1034 hoc
1577 968 1860 1036 maxime
1893 977 2108 1055 urget,
2156 969 2503 1035 Tatianum
2546 987 2628 1034 ex
2667 967 2896 1034 eodem

581 1089 757 1155 fonte
803 1108 882 1153 ac
923 1087 1243 1153 Justinum
1286 1089 1661 1172 magistrum
1707 1088 2027 1156 hausisse.
2039 1091 2065 1132 ²

724 1207 1181 1292 Athenagoras
1163 1228 1230 1272 1n
1256 1209 1560 1294 apologia
1590 1230 1711 1276 sua
1733 1208 2067 1277 doctrinae
2098 1207 2492 1275 christianae
2523 1207 2899 1275 testimonia

578 1328 788 1413 magis
823 1348 859 1394 e
891 1329 1128 1394 Vetere
1166 1347 1356 1410 quam
1394 1348 1430 1394 e
1454 1330 1642 1397 Novo
1677 1332 2101 1398 Testamento
2135 1328 2324 1415 capit.
2394 1331 2470 1394 In
2498 1328 2717 1396 libello
2745 1329 2895 1412 περὶ

578 1442 995 1525 α’ναστάσεως
1038 1450 1298 1530 νεκρῶν
1343 1448 1467 1514 hoc
1509 1456 1754 1515 tantum
1802 1450 1968 1533 agit,
2025 1455 2096 1515 ut
2146 1450 2686 1517 resurrectionem
2731 1469 2895 1514 mor-

581 1574 829 1634 tuorum
863 1567 1257 1652 argumentis
1291 1589 1328 1635 e
1365 1568 1613 1635 ratione
1657 1569 1802 1634 sola
1835 1569 2055 1654 petitis
2085 1569 2330 1655 probet.
2403 1569 2619 1636 Semel
2650 1574 2897 1634 tantum

582 1686 665 1772 (c.
705 1685 813 1771 18)
848 1689 1118 1753 Paulum
1162 1693 1395 1762 testem
1455 1688 1611 1754 citat
1666 1688 1916 1755 dicens:
1971 1690 2074 1755 δεῖ
2119 1686 2288 1755 κατὰ
2343 1686 2464 1756 τὸν
2519 1684 2895 1756 ἀπόστολον

579 1802 657 1872 τὸ
732 1803 1043 1891 φθαρτὸν
1114 1812 1313 1874 τοῦτο
1383 1809 1495 1874 καὶ
1573 1804 1933 1874 σκεδαστὸν
2015 1804 2412 1874 ἐνδύσασθαι
2486 1803 2892 1894 ἀφθαρσίαν,

582 1925 690 1991 ἵνα
723 1976 738 1992 .
773 1980 786 1994 .
821 1975 835 1992 .
871 1975 885 1990 .
934 1923 1205 2004 ἕκαστος
1248 1928 1590 2014 κομίσηται
1637 1929 1907 2005 δικαίως
1950 1922 1995 1994 ἃ
2040 1924 2146 1994 διὰ
2188 1931 2309 1994 τοῦ
2354 1925 2656 2014 σώματος
2701 1925 2894 2012 ἔπρα-

582 2051 718 2127 ξεν,
763 2047 889 2112 εἴτε
934 2040 1156 2132 ἀγαθὰ
1199 2047 1324 2113 εἴτε
1369 2044 1541 2113 κακά
1572 2047 1710 2133 (cfr.
1753 2049 1782 2113 I
1815 2043 2131 2133 Cor.'XV‚
2164 2052 2245 2113 53
2285 2054 2351 2115 et
2390 2050 2451 2113 H
2477 2048 2619 2114 Cor.
2653 2050 2730 2131 V,
2767 2046 2895 2131 10).

579 2165 682 2230 An
746 2185 899 2232 vero
969 2168 1281 2253 epistolas
1352 2168 1663 2235 Paulinas
1741 2168 1945 2234 sacris
2016 2168 2361 2254 Scripturis
2431 2187 2896 2237 annumerave-

579 2285 691 2370 rit,
735 2285 885 2352 inde
929 2309 1059 2353 non
1112 2291 1547 2373 cognoscitur,
1606 2289 1730 2354 etsi
1780 2288 1905 2355 hac
1950 2286 2032 2354 de
2077 2310 2148 2356 re
2205 2289 2461 2354 minime
2508 2286 2893 2369 dubitamus.

582 2404 810 2488 Neque
863 2407 1044 2491 inde,
1114 2408 1285 2493 quod
1337 2416 1692 2494 praecepta
1761 2408 2249 2475 christianorum
2315 2407 2530 2487 ethica
2593 2403 2897 2490 θεόφατα

581 2525 693 2590 καὶ
737 2528 1134 2594 θεοδίδακτα
1179 2525 1471 2615 δόγματα
1515 2530 1860 2615 nominat,⁴
1913 2527 2177 2615 probari
2222 2535 2463 2614 potest,
2511 2550 2655 2596 eum
2701 2527 2895 2613 inspi-

581 2631 896 2712 rationem
941 2648 1244 2715 librorum
1298 2650 1466 2717 Novi
1511 2650 1916 2717 Testamenti
1960 2648 2284 2732 docuisse3
2344 2670 2496 2714 nam
2542 2653 2898 2734 praecepta

549 2743 697 2830 'illa
741 2774 1087 2852 propterea
1131 2769 1300 2853 quod
1347 2790 1388 2834 a
1432 2769 1716 2855 Christe,
1768 2770 1894 2836 Dei
1945 2768 2107 2853 filio,
2165 2771 2321 2836 data
2363 2774 2511 2834 sunt
2562 2770 2657 2834 ita
2697 2767 2899 2834 nomi-

578 2905 738 2952 nare
781 2893 1052 2972 poterat.

748 3006 897 3071 Jam
927 3008 1335 3093 procedimus
1377 3008 1464 3075 ad
1493 3012 1868 3094 Theophilum
1903 3011 2353 3091 Antiochenum‚
2401 3009 2892 3094 apologetarum

579 3126 843 3192 secundi
886 3130 1130 3196 saeculi
1171 3131 1477 3197 ultimum.
1562 3132 1751 3197 Hunc
1791 3129 1860 3196 in
1903 3130 2104 3196 tribus
2156 3128 2336 3195 libris
2383 3127 2467 3194 ad
2505 3127 2906 3213 Autolycum*

723 3401 743 3441 1
787 3402 871 3458 Ne
918 3406 1290 3460 Volkmarus
1335 3402 1550 3473 quidem
1595 3407 1730 3471 (Der
1780 3404 2052 3475 Urspruny
2096 3422 2278 3458 unsrer
2322 3404 2656 3472 Evanyelien.
2726 3419 2780 3470 p.
2807 3405 2898 3465 35)

581 3484 708 3540 huic
741 3490 1043 3545 testimonio
1077 3488 1239 3544 fidem
1277 3489 1516 3559 derogat.

721 3574 746 3614 2
790 3574 1144 3631 Diatessaron
1171 3591 1199 3629 e
1226 3575 1441 3629 Tatiani
1465 3581 1697 3644 quatuor
1722 3575 2011 3644 evangeliis
2037 3575 2306 3629 canonicis
2343 3573 2697 3642 compositum
2731 3572 2898 3628 fuisse

581 3659 832 3717 Daniel
867 3664 1156 3728 (Tatianus
1198 3667 1292 3717 der
1328 3666 1589 3732 Apoloyet.
1642 3663 1788 3716 1837.
1840 3678 1892 3729 p.
1919 3663 2178 3727 87-111)
2228 3667 2282 3715 et
2327 3662 2735 3715 Semischius
2771 3659 2899 3725 (Ta-

579 3743 713 3798 tiani
749 3746 1127 3814 Diatessaron,
1176 3748 1598 3816 antiquissimum
1632 3747 1699 3801 N.
1727 3746 1790 3801 T.
1827 3746 2222 3815 evangeliorum
2266 3746 2321 3800 in
2363 3762 2527 3799 unum
2563 3745 2891 3814 digestorum

583 3831 859 3898 specimen
897 3836 1051 3896 1856)
1086 3835 1205 3888 fuse
1242 3833 1740 3902 comprobaverunt.

721 3917 746 3956 3
792 3918 899 3974 cfr.
937 3936 981 3975 e.
1010 3922 1092 3987 11,
1130 3937 1181 3988 p.
1210 3922 1334 3972 230:
1384 3918 1650 3972 Δεικτέον
1688 3918 1866 3988 ἀληθῆ
1904 3913 1998 3972 τὸν
2031 3919 2163 3989 περι
2199 3921 2294 3989 τῆς
2333 3913 2686 3975 ἀναστάσεως
2725 3912 2891 3985 λόγον

588 3998 697 4054 ἀπό
722 4021 779 4056 τε
805 4003 903 4073 τῆς
926 4004 1106 4064 αἰτίας
1130 4004 1317 4075 αὐτῆς,
1366 4002 1498 4058 καθ’
1537 4003 1604 4073 ἢν
1638 4005 1732 4057 καὶ
1772 4003 1845 4057 δι’
1882 4003 1950 4073 ἢν
1986 4002 2014 4056 ὃ
2052 4004 2266 4072 πρῶτος
2300 4004 2541 4074 γέγονεν
2578 4000 2896 4071 ἅνθρωπος,

585 4085 733 4141 οἵτε
774 4087 892 4161 μετ’
930 4086 1165 4154 ἐκεῖνον,
1212 4089 1263 4143 εἰ
1308 4092 1404 4144 καὶ
1438 4085 1514 4162 μὴ
1552 4087 1689 4143 κατὰ
1736 4085 1831 4144 τὸν
1867 4090 2059 4163 ὅμοιον
2095 4085 2366 4160 γεγόνασι
2413 4085 2638 4159 τρόπον,
2687 4083 2797 4141 ἀπό
2839 4105 2899 4140 τε

579 4175 678 4243 ,τῆς
722 4178 912 4245 κοινῆς
945 4173 1171 4231 πάντων
1207 4173 1527 4247 ἀνθρώπων
1564 4172 1636 4233 ὥς
1674 4172 1997 4247 ἀνθρώπων
2032 4171 2272 4246 φύσεως,
2309 4172 2391 4228 ἔτι
2428 4172 2490 4228 δὲ
2530 4169 2642 4226 ἀπὸ
2675 4176 2771 4242 τῆς
2803 4174 2893 4226 τοῦ

580 4254 916 4332 ποιήσαντος
950 4258 1043 4318 ἐπὶ
1077 4258 1288 4323 τούτοις
1318 4264 1571 4335 κρίσεως.

715 4348 739 4388 4
783 4351 962 4421 Suppl.
988 4367 1091 4421 pro
1129 4353 1234 4406 chr.
1271 4366 1316 4405 c.
1346 4352 1427 4418 11,
1464 4364 1518 4418 p.
1546 4352 1638 4403 50:
1677 4346 1750 4402 δι’
1789 4344 1970 4402 αὐτῶν
2006 4349 2116 4402 τῶν
2153 4342 2462 4420 δογμάτων,
2500 4338 2584 4406 οἷς
2619 4343 2888 4419 προσέχο-
