3264 5076
1580 311 1787 424 18⁴

453 580 552 649 vis
598 579 772 665 apud
817 580 1090 645 amicum
1120 580 1246 646 Dei
1289 562 1535 646 Mosen*
1561 579 1816 663 magnis
1856 579 2140 646 initiatus
2172 580 2495 666 mysteriis
2542 587 2759 646 tamen

461 701 614 785 quia
664 721 910 765 rursum
967 699 1255 766 Jeremia
1307 698 1627 785 propheta
1688 706 2032 784 conspecto
2096 699 2370 784 cognovi
2426 721 2570 766 eum
2633 721 2764 765 non

458 819 661 886 solum
694 825 913 886 tenere
960 818 1288 905 mysteria,
1334 817 1449 884 sed
1491 838 1689 904 posse
1734 818 1967 885 docere
1999 839 2270 904 quoque,
2296 840 2425 886 non
2458 826 2766 904 gravatus

458 960 598 1005 sum
644 937 930 1004 scholam
977 938 1117 1021 ejus
1163 937 1630 1021 frequentare.“
1709 938 1915 1016 Quum
1961 958 2115 1003 vero
2150 939 2500 1005 ,Ieremiam
2545 939 2767 1024 paullo

458 1062 606 1144 post
647 1053 729 1123 τὰ
771 1054 987 1123 ,πολλὰ
1032 1057 1487 1123 ἐνθουσιῶντα
1531 1057 1836 1141 nominet,
1880 1055 2047 1124 haec
2090 1059 2292 1124 verba
2336 1069 2510 1124 certo
2555 1057 2770 1124 dicere

461 1179 704 1261 nolunt,
749 1176 978 1244 librum
1024 1177 1382 1263 prophetae
1428 1177 1598 1242 illius
1644 1178 1928 1242 maxima
1973 1176 2230 1261 quidem
2277 1197 2361 1243 ex
2391 1183 2578 1263 parte
2613 1199 2655 1242 a
2683 1177 2776 1243 di-

457 1297 613 1364 vina
655 1297 1050 1364 revelatione
1096 1297 1448 1384 profectum
1495 1316 1663 1379 esse,
1711 1297 1932 1381 aliqua
1975 1317 2126 1363 vero
2175 1317 2259 1363 ex
2303 1303 2490 1382 parte
2538 1297 2620 1361 ab
2661 1295 2771 1361 hu-

463 1436 655 1482 mano
700 1415 995 1501 ingeni03
1041 1438 1194 1482 nam
1233 1418 1459 1482 Mosen
1507 1438 1758 1501 quoque
1802 1429 2114 1501 χρησμοῖς
2169 1412 2250 1481 τὰ
2291 1412 2508 1482 πολλὰ
2553 1409 2772 1480 ἀναδι-

465 1535 799 1620 <saxeam
843 1535 1180 1601 nominat.¹
1275 1540 1600 1602 Tenemus
1647 1536 1860 1620 igitur,
1904 1537 1970 1600 in
2002 1536 2254 1621 scriptis
2285 1535 2576 1601 Philonis
2606 1534 2775 1599 Tho-

461 1676 600 1721 ram
645 1657 843 1721 multo
888 1655 1200 1739 superiori
1245 1656 1386 1721 loeo
1434 1676 1626 1739 quam
1654 1656 1937 1738 reliquos
1978 1655 2173 1721 libros
2211 1676 2437 1723 saeros
2481 1655 2663 1741 poni3
2712 1661 2778 1720 et

464 1775 749 1843 vicissim
790 1794 1130 1858 negamus,
1171 1781 1304 1840 tam
1353 1775 1545 1857 longe
1588 1795 1703 1841 eos
1748 1777 2077 1861 postponi,
2118 1782 2186 1841 ut
2230 1774 2315 1840 ad
2356 1776 2578 1842 literas
2624 1796 2775 1859 apo-

464 1893 743 1983 cryphas
782 1894 1047 1980 propius
1087 1915 1279 1979 quam
1321 1894 1406 1960 ad
1446 1894 1728 1959 'Phor-am
1777 1892 2094 1961 accedant
2138 1901 2202 1960 et
2244 1896 2461 1975 βιβλία
2504 1895 2773 1970 δικαίως

467 2022 619 2095 θρῖα
660 2015 1135 2098 πεπιστευμένα
1176 2034 1324 2081 esse
1373 2015 1695 2080 desinant.

638 2138 696 2199 3.
743 2133 928 2200 Philo
975 2140 1041 2199 et
1083 2134 1405 2220 ,Iosephus
1438 2155 1567 2199 non
1598 2134 1803 2199 solum
1839 2133 2203 2200 auctoribus
2230 2133 2531 2199 librorum
2566 2154 2778 2199 sacro-

465 2275 624 2337 rum,
669 2252 787 2319 sed
818 2254 1011 2319 etiam
1043 2254 1244 2320 cuivis
1277 2254 1556 2339 sapienti
1589 2261 1655 2321 et
1673 2253 1914 2338 justo²‚
1962 2254 2137 2319 velut
2164 2254 2532 2340 Hyrcanoss,
2578 2254 2775 2319 ctiam

468 2373 724 2439 sibimet
750 2373 970 2459 ipsis‘1,
1014 2373 1504 2458 inspirationem
1540 2372 1888 2440 vindicant.
1962 2372 2288 2458 .Iosephus
2319 2372 2775 2459 prophetarum

470 2491 723 2578 quidem
792 2493 1274 2568 successionem
1331 2489 1723 2579 (διαδοχήν),
1785 2499 1852 2558 at
1924 2514 2055 2560 non
2112 2492 2437 2560 charisma
2503 2493 2778 2580 prophe-

467 2614 660 2678 ticum
704 2612 856 2680 inde
902 2613 987 2678 ab
1017 2615 1378 2678 Artaxerxe
1407 2613 1816 2696 Longimano
1846 2613 2227 2679 exstinctum
2256 2634 2405 2680 esse
2434 2614 2777 2680 existimat.

468 2733 655 2798 Hanc
699 2733 980 2799 omnium
1026 2731 1531 2800 Hellenistarum
1587 2733 1973 2798 sententiam
2028 2734 2331 2818 proponit
2386 2734 2583 2800 etiam
2629 2736 2782 2826 liber

473 2857 825 2931 Sapientiae
870 2849 1034 2937 (VII,
1068 2850 1202 2936 27),
1248 2851 1355 2935 qui
1402 2851 1796 2936 sapientiam
1841 2873 1958 2937 per
2002 2859 2253 2919 aetates
2300 2873 2667 2939 permeare,
2712 2853 2779 2918 in

473 2978 737 3038 sanctas
784 2971 1036 3037 animas
1081 2972 1343 3055 intrare,
1393 2972 1636 3040 amicos
1681 2973 1807 3038 Dei
1851 2971 2326 3058 prophetasque
2373 2973 2627 3039 efficere
2672 2972 2779 3037 ait.

472 3092 750 3158 Ournam
780 3090 1209 3176 Hellenistae,
1240 3091 1632 3178 sapientiam
1667 3090 1804 3156 sive
1841 3087 2044 3176 λόγον
2071 3093 2237 3159 inter
2266 3094 2475 3158 Deum
2508 3099 2572 3160 et
2601 3114 2777 3175 mun·

471 3212 621 3278 dum
677 3189 1078 3276 intercedere
1140 3187 1478 3295 docentes,
1544 3210 1985 3296 inspirationis
2043 3232 2267 3278 omnes
2326 3213 2658 3297 sapientes
2716 3217 2781 3278 et

456 3332 676 3415 justos
727 3330 1079 3416 participes
1133 3332 1272 3397 fieri
1324 3352 1524 3417 posse
1578 3331 2003 3415 negaverint?
2087 3334 2190 3426 Ex
2244 3330 2371 3398 hac
2423 3331 2643 3396 finium
2688 3332 2781 3396 in-

470 3450 840 3536 spirationis
883 3452 1356 3536 propagatione
1390 3451 1579 3518 facile
1611 3450 2005 3536 intelligitur,
2051 3471 2179 3536 qua
2216 3450 2299 3517 de
2340 3469 2540 3517 causa
2567 3450 2780 3517 versio

470 3610 533 3618 ——

610 3707 628 3747 ¹
677 3708 758 3761 De
794 3707 923 3775 opis.
948 3711 1128 3762 mundi
1162 3706 1225 3762 T.
1249 3708 1291 3775 Ι,
1329 3725 1381 3778 p.
1407 3711 1456 3763 2.

608 3792 633 3833 2
683 3794 809 3853 Quis
855 3812 953 3847 rer.
993 3796 1092 3847 div.
1125 3795 1264 3847 haer.
1302 3794 1364 3848 T.
1391 3794 1432 3861 Ι,
1469 3812 1522 3863 p.
1549 3796 1675 3847 51οε
1717 3792 1833 3845 Καὶ
1874 3791 2043 3844 παντὶ
2083 3790 2144 3845 δὲ
2182 3787 2471 3864 ἀνθρώπῳ
2511 3787 2712 3864 ἀστείῳ
2753 3788 2780 3843 ὅ

469 3873 619 3948 ἱερὸς
648 3874 826 3947 ·λόγος
872 3881 1222 3949 προφητείαν
1255 3885 1541 3951 μαρτυρεῖ.
1588 3910 1655 3918 ——
1702 3880 1764 3932 ln
1809 3878 1948 3934 libro
1996 3882 2058 3930 cle
2091 3897 2291 3947 praem.
2327 3889 2373 3932 et
2406 3894 2560 3945 poen.
2608 3877 2668 3932 T.
2706 3878 2777 3942 II,

468 3982 521 4033 p.
545 3967 648 4017 426
685 3963 904 4017 effatum
939 3963 1078 4020 vatis
1123 3964 1402 4034 cujusdam
1447 3965 1611 4019 divini
1650 3966 2060 4030 (θεσπίζοντος)
2103 3964 2162 4016 in
2193 3964 2397 4017 Vetere
2435 3962 2783 4017 Testamento

464 4065 572 4103 non
610 4053 829 4103 exstans
862 4047 1128 4105 laudatur.

603 4134 903 4189 ³Debezl.
939 4136 1286 4204 Jud.„.128
1325 4137 1483 4204 T.‚II
1520 4139 1683 4205 p.5·1.

603 4220 628 4261 4
675 4221 754 4274 De
790 4224 936 4292 miyr.
964 4225 1159 4276 Abrah.
1198 4222 1258 4277 Τ.
1289 4223 1332 4290 Ι,
1369 4240 1422 4291 p.
1448 4226 1567 4277 441.
1626 4223 1710 4278 De
1744 4224 1858 4279 bell
1895 4220 2154 4287 Jud.111,
2180 4222 2228 4286 8,
2257 4222 2305 4276 3.
2352 4218 2413 4279 Τ.
2451 4218 2530 4286 11,
2577 4236 2630 4294 p.
2661 4221 2778 4276 246.

465 4309 602 4366 Ibid.
626 4306 718 4380 IV,
752 4309 833 4378 10,
861 4311 907 4361 7.
945 4307 1009 4362 Τ.
1034 4307 1103 4375 11,
1140 4325 1196 4384 p.
1223 4309 1340 4366 310.
