3264 5076
1496 398 1800 514 Aa„

482 636 925 703 ethnicismum
983 638 1194 723 potius
1242 658 1432 722 quam
1479 638 1563 704 ad
1607 641 1810 706 Vetus
1855 617 2503 704 Testamentum—illa
2545 617 2797 722 quoque

485 758 825 843 sententia,
870 777 998 839 qua
1040 756 1227 823 Philo
1271 758 1619 822 manticam
1665 757 2109 843 inspirationis
2132 731 2477 822 &notionem
2514 778 2802 843 compro-

489 878 617 961 bat,
660 877 972 943 reseratur
1016 897 1286 943 necesse
1333 884 1452 960 est,
1500 879 1888 944 sententiam
1933 876 2077 945 dico
2125 875 2206 941 de
2238 876 2605 942 discrimine
2636 879 2804 944 inter

488 997 692 1060 Deum
752 1002 817 1062 et
889 1003 1247 1062 creaturam
1313 1002 1444 1061 tam
1498 997 1842 1082 immens0,
1910 1003 1978 1062 ut
2046 1000 2221 1062 Deus
2255 996 2798 1081 ‘perfectissimus

485 1115 782 1198 omnique
839 1136 1102 1181 numero
1159 1116 1671 1181 absolutissimus
1724 1117 1884 1181 fines
1937 1115 2148 1181 finitos
2193 1135 2344 1181 vere
2400 1114 2652 1199 ingredi
2698 1117 2802 1183 vel

487 1254 625 1300 cum
673 1235 973 1319 quopiam
1018 1235 1216 1320 finito,
1261 1241 1398 1300 utut
1440 1235 1791 1321 perfectum
1827 1242 1946 1318 est,
1983 1236 2285 1320 conjungi
2316 1241 2616 1319 nequeat,
2650 1237 2802 1319 quia

487 1354 603 1418 tali
648 1355 1095 1438 conjunctione
1124 1360 1360 1439 ,utpote
1399 1355 1707 1420 mixtione
1759 1375 1994 1420 numen
2038 1354 2486 1422 destrueretur.
2570 1341 2807 1440 Θέμιζ

485 1469 629 1558 γὰρ
659 1467 799 1538 ov'x
832 1473 1023 1553 ἔστι,
1068 1475 1274 1556 inquit
1305 1477 1541 1550 Phil01,
1574 1470 1877 1560 θνητὸν
1907 1467 2279 1559 ἀθανάτῳ
2312 1478 2802 1559 συνοικῆσαι,

491 1599 556 1657 et
608 1592 709 1656 his
764 1584 981 1659 verbis
1037 1593 1462 1676 demonstrat,
1519 1600 1797 1658 mentem
1851 1593 2198 1657 humanam
2246 1594 2485 1678 Spiritu
2535 1594 2660 1660 Dei
2706 1613 2807 1658 su-

493 1712 982 1796 perinveniente
1030 1713 1353 1778 exturbari
1399 1711 1857 1794 (ἐξοικίζεσθαι
1915 1709 2036 1776 triv
2088 1715 2251 1778 νοῦν
2304 1710 2472 1777 κατὰ
2524 1710 2645 1798 τὴν
2690 1714 2811 1777 τοῦ

493 1833 682 1895 θείου
724 1827 1093 1916 πνεύματος
1137 1825 1402 1914 ἄφιξιν).
1493 1830 1736 1909 Quodsi
1797 1851 2014 1898 verum
2063 1839 2189 1916 est,
2233 1835 2443 1897 Deum
2489 1838 2619 1897 tam
2665 1852 2807 1916 per-

489 1949 719 2015 fectum
768 1957 834 2015 et
876 1957 1213 2036 tantopere
1247 1972 1442 2037 supra
1472 1948 1725 2033 quidvis
1764 1951 2008 2016 finitum
2040 1950 2277 2016 elatum
2315 1971 2483 2037 esse,
2529 1958 2596 2016 nt
2630 1952 2806 2017 nullo

493 2068 683 2144 modo
737 2090 876 2134 cum
924 2089 1004 2136 eo
1051 2071 1351 2155 conjungi
1397 2072 1621 2156 possit,
1667 2072 2019 2136 rectissime
2066 2070 2218 2136 inde
2267 2056 2674 2156 concluditur,
2718 2072 2809 2136 in-

496 2190 909 2275 spirationem
945 2211 1073 2254 non
1106 2210 1255 2257 esse
1290 2191 1560 2257 liberam
1593 2191 1866 2275 Spiritus
1905 2190 2105 2256 divini
2140 2209 2277 2254 cum
2323 2189 2601 2255 humano
2638 2190 2814 2255 unio-

495 2328 663 2392 nem,
694 2309 813 2376 sed
850 2311 1336 2393 oppressionem
1375 2310 1605 2374 mentis
1640 2309 1962 2376 humanae
2006 2329 2125 2394 per
2157 2309 2460 2394 Spiritum
2506 2309 2809 2376 divinum.

495 2428 651 2506 Quis
698 2449 827 2493 non
870 2427 1078 2511 videt,
1130 2427 1301 2494 hunc
1346 2428 1637 2494 Philonis
1696 2429 2076 2494 dualismum
2120 2449 2250 2493 non
2295 2427 2551 2494 differre
2597 2449 2639 2493 a
2681 2448 2812 2494 me-

495 2548 833 2634 taphysico
877 2548 1536 2635 Neopythagoreismi
1579 2557 1645 2615 et
1687 2549 2201 2635 Neoplatonismi
2244 2546 2737 2614 fundamento‘?'²

664 2670 848 2734 Nunc
901 2667 1052 2752 quid
1104 2668 1475 2735 Judaismus
1530 2676 1595 2734 et
1646 2668 2030 2734 talmudicus
2085 2675 2149 2734 et
2191 2665 2668 2735 Alexandrinus
2723 2667 2804 2733 de

500 2787 918 2873 inspiratione
991 2788 1358 2873 Scripturae
1432 2808 1661 2854 sacrae
1743 2789 2065 2872 statuerit,
2138 2789 2300 2853 satis
2374 2787 2809 2869 investigasse

500 2908 684 2973 nobis
729 2905 1039 2974 videmur.
1135 2909 1542 2973 Inventorum
1591 2928 1842 2973 summa
1886 2907 2049 2973 haec
2102 2914 2227 2974 est:
2282 2907 2661 2985 Qantumvis
2716 2925 2814 2971 se-

504 3047 653 3093 vere
700 3046 778 3091 ac
820 3024 1030 3109 rigide
1092 3026 1163 3091 in
1208 3026 1525 3094 Talmude
1572 3025 1654 3093 de
1700 3026 1959 3093 Thorae
2004 3026 2427 3111 inspiratione
2470 3025 2811 3110 judicetur,

499 3143 718 3211 tamen
769 3146 932 3211 Mosi
982 3147 1050 3211 in
1109 3152 1270 3211 actu
1317 3147 1759 3232 inspirationis
1818 3145 2213 3212 conscientia
2275 3146 2374 3211 sui
2426 3146 2629 3230 ipsius
2682 3166 2814 3210 non

501 3264 918 3350 abjudicatur.
1014 3266 1100 3330 At
1142 3265 1544 3332 Hellenistae
1589 3266 2079 3352 inspirationem
2135 3285 2288 3332 vere
2342 3263 2627 3332 divinam
2673 3286 2813 3330 cum

505 3384 929 3470 suspensione
977 3385 1408 3451 conscientiae
1452 3384 1775 3453 humanae
1822 3384 2192 3464 necessario
2224 3385 2631 3468 conjunctam
2663 3404 2813 3451 esse

501 3512 780 3571 censent.
826 3504 1204 3570 Rectissime
1233 3505 1422 3586 igitur
1434 3505 2167 3582 Baumyarten-Crusiusss
2197 3504 2560 3570 liberiorem
2586 3501 2815 3569 doctri·

502 3642 647 3687 nam
681 3621 1016 3707 judaicam
1071 3630 1139 3689 et
1194 3625 1567 3691 strictiorem
1604 3623 2112 3690 ‹hellenisticam-
2142 3622 2496 3707 distinguit.
2585 3628 2811 3687 Budel-

505 3744 784 3808 bachius-⁴
839 3743 1004 3809 hanc
1049 3744 1525 3810 distinctionem
1570 3743 1885 3810 immerito
1928 3743 2320 3828 perstringit.

643 4016 662 4057 ¹
718 4018 846 4077 Quis
878 4035 977 4071 rer.
1004 4019 1105 4070 div.
1130 4017 1270 4071 haer.
1309 4013 1369 4068 T.
1397 4016 1437 4082 1,
1477 4031 1532 4083 p.
1558 4016 1674 4068 511.

643 4101 669 4141 2
715 4100 825 4160 Csr.
865 4103 978 4155 Zez
993 4105 1216 4166 lerum,
1267 4103 1367 4156 Die
1409 4103 1738 4170 Philosophia
1783 4103 1877 4154 der
1924 4100 2194 4154 Gviechen.
2267 4100 2379 4168 ΠΙ,
2418 4103 2478 4168 2,
2517 4102 2564 4154 2.
2618 4117 2671 4168 p.
2705 4096 2818 4154 101'.

513 4186 607 4237 214
634 4200 747 4254 sqq.
786 4189 884 4239 30ss
910 4201 1026 4253 sqq.
1064 4188 1164 4238 368
1193 4201 1309 4254 sqq.

637 4272 662 4312 ³
706 4273 1225 4341 Doqmenyeschichte
1257 4288 1310 4339 p.
1339 4272 1441 4324 883
1467 4285 1581 4337 sqq.

640 4358 663 4395 ⁴
711 4356 770 4411 L.
797 4372 843 4411 c.
880 4357 932 4423 p.
961 4359 1039 4409 15.
