3264 5076
1549 426 1636 497 83

428 653 727 735 allegat.¹
832 651 1073 736 Negari
1117 650 1372 735 quidem
1418 651 1665 736 nequit,
1719 650 2044 716 Justinum
2085 648 2156 713 in
2200 647 2522 714 nonnullis
2566 647 2728 714 locis

430 793 687 858 semper
739 772 965 838 eodem
1009 771 1200 837 modo
1247 791 1288 835 a
1333 776 1514 836 textu
1558 753 1895 857 syno⁸ptico
1942 766 2348 849 discedere23
2409 763 2477 832 at
2519 788 2734 834 nonne

434 893 753 976 quaedam
814 892 1185 977 Scripturae
1249 891 1422 957 dicta
1489 890 1574 956 ad
1619 910 1800 957 suum
1848 888 2180 956 arbitrium
2220 888 2557 954 immutata
2610 909 2739 955 me-

429 1013 672 1079 moriae
734 1013 871 1096 ejus
933 1032 1006 1077 se
1068 1012 1338 1097 infigere
1400 1012 1742 1097 poterant?
1763 1012 1789 1053 3
1899 1007 2165 1076 Accedit
2225 1006 2397 1090 quod
2450 1008 2533 1074 ab
2591 1008 2737 1073 aliis

429 1152 680 1216 quoque
725 1131 1013 1217 patribus
1044 1131 1168 1196 loci
1200 1131 1681 1214 evangeliorum
1727 1129 1919 1195 simili
1946 1129 2245 1195 libertate
2276 1127 2731 1211 proferuntur.4

431 1257 790 1317 semis-chius
857 1257 1081 1317 contra
1153 1249 1548 1318 Grednerum
1610 1251 1932 1317 luculente
1998 1246 2464 1332 comprobavit,
2541 1248 2735 1313 etiam

430 1392 678 1438 canone
693 1372 837 1456 jam
867 1370 1153 1437 stabilito
1184 1377 1402 1456 patres
1430 1371 1500 1436 in
1525 1369 1872 1438 enuntiatis
1898 1373 1963 1434 et
1989 1366 2176 1432 factis
2199 1366 2437 1433 Christi
2460 1367 2739 1434 reseren-

429 1491 528 1557 dis
565 1512 696 1556 non
738 1491 930 1556 anxie
977 1489 1063 1556 ad
1109 1491 1456 1574 evangelia
1500 1511 1572 1558 se
1618 1491 1950 1576 applicare
1995 1493 2062 1553 et
2106 1485 2277 1573 apud
2324 1505 2436 1554 eos
2484 1505 2733 1571 quoque

429 1617 676 1696 patr-ee,
724 1610 832 1696 qui
877 1611 1021 1696 plus
1065 1611 1272 1676 minus
1326 1616 1624 1677 accurate
1671 1616 1913 1676 textum
1961 1608 2335 1674 canonicum
2366 1612 2735 1690 sequantur,

427 1733 600 1798 velut
644 1730 821 1816 apud
866 1732 1202 1797 Irenaeum
1250 1736 1314 1796 et
1359 1730 1781 1814 Cyprianum,
1835 1729 2033 1794 miras
2078 1734 2291 1794 textus
2337 1725 2734 1794 variationes

428 1852 691 1937 reperiri
745 1850 1041 1933 adeoque
1088 1869 1555 1936 saepenumero
1602 1848 1920 1934 quasdam
1966 1851 2048 1914 ab
2094 1847 2453 1945 evangeliis
2500 1846 2735 1913 nostris

429 1971 865 2054 digressiones
936 1976 1006 2036 in
1059 1970 1254 2036 variis
1312 1969 1600 2054 ejusdem
1656 1970 1857 2055 patris
1911 1968 2090 2036 libris
2145 1965 2420 2035 eandem
2464 1967 2734 2033 formam

430 2090 727 2158 habere.⁵
842 2090 1139 2174 Denique
1194 2088 1732 2157 considerandum
1791 2094 1893 2155 est
1944 2089 2120 2154 locos
2179 2107 2430 2171 quoque
2482 2085 2734 2153 Veteris

429 2210 826 2277 Testamenti
889 2230 965 2274 a-
992 2211 1245 2276 Justino
1315 2229 1518 2296 saepe
1582 2210 1786 2275 libere
1855 2208 2087 2275 afferri.
2110 2210 2137 2250 ὅ
2240 2206 2491 2275 Accidit
2552 2212 2618 2273 et
2665 2207 2735 2273 in

424 2330 759 2415 Apologiis
815 2336 881 2396 et
933 2330 1017 2395 in·
1066 2330 1379 2415 Dialogo,
1434 2335 1504 2394 ut
1554 2329 1821 2395 nomina
1866 2334 2193 2393 auctorum
2240 2326 2621 2393 commutet⁷
2670 2333 2734 2392 et

434 2448 660 2516 eadem
707 2450 960 2515 Veteris
1011 2449 1413 2515 Testamenti
1462 2448 1638 2515 dicta
1680 2449 1913 2535 variet,
1967 2468 2096 2516 non
2136 2467 2283 2511 raro
2330 2446 2524 2511 etiam
2567 2445 2734 2512 vari-

433 2591 604 2637 orum
651 2576 978 2637 auctorum
1022 2570 1275 2637 Veteris
1323 2570 1729 2638 Testamenti
1774 2568 1948 2635 dicta
1992 2566 2330 2635 contexit.8

600 2689 669 2778 5)
724 2694 1030 2755 Crednero
1075 2690 1415 2775 plurimum
1459 2692 1678 2757 favere
1722 2688 2020 2755 videntur
2063 2687 2384 2771 quaedam
2426 2686 2737 2753 narratio-

436 2828 577 2896 nes,
622 2832 790 2895 quae
835 2809 1011 2896 apud
1052 2808 1372 2877 Justinum
1416 2809 1836 2895 reperiuntur.
1913 2808 2140 2875 Refert
2181 2808 2352 2873 enim
2397 2806 2465 2894 a)
2511 2812 2735 2874 Jesum

570 3086 586 3123 ¹
637 3081 744 3138 Cfr.
781 3085 1203 3137 Semischium
1235 3081 1270 3136 1.
1298 3097 1342 3135 c.
1379 3097 1430 3149 p.
1457 3082 1747 3135 281—293.

565 3169 590 3209 2
637 3168 742 3224 Cfr.
777 3171 1243 3238 Schweylerum
1279 3168 1314 3221 l.
1342 3183 1385 3222 e.
1421 3183 1475 3236 p.
1495 3168 1612 3221 224.

569 3256 592 3293 ³
640 3253 746 3309 Cfr.
783 3256 1182 3325 Mynsterum
1214 3252 1252 3308 1.
1279 3269 1323 3307 c.
1358 3270 1413 3322 p.
1438 3255 1502 3307 31
1529 3267 1608 3321 sq.
1667 3254 2181 3307 Bindemannum
2215 3252 2249 3306 1.
2278 3268 2321 3305 c.
2359 3268 2411 3319 p.
2435 3254 2551 3307 408.
2574 3254 2694 3307 434.

567 3339 592 3381 4
638 3338 744 3393 Cfr.
780 3339 1203 3394 Semischium
1237 3338 1270 3392 l.
1298 3354 1344 3393 c.
1378 3355 1432 3407 p.
1459 3339 1747 3391 218—232.
1819 3338 2252 3391 Luthardtum
2286 3336 2320 3391 l.
2349 3354 2396 3392 c.
2430 3354 2485 3406 p.
2509 3338 2577 3391 86
2601 3353 2680 3406 sq.

565 3427 589 3466 ⁵
631 3424 694 3479 L.
720 3442 765 3480 c.
801 3441 856 3493 p.
880 3425 1170 3479 330-333.

567 3513 591 3553 6
636 3510 741 3567 Gfr.
777 3513 1204 3566 Semi-’chium
1239 3510 1272 3563 l.
1300 3525 1344 3563 c·
1381 3525 1435 3578 p.
1461 3510 1750 3562 239-273.

559 3597 580 3637 ⁷
623 3597 686 3650 In
717 3599 972 3666 Apoloyia
998 3598 1171 3665 priori
1204 3593 1490 3663 ZephanJa
1522 3593 1830 3648 nominatur
1859 3594 1978 3649 loco
2006 3593 2301 3648 Sachariae
2338 3609 2380 3647 c.
2404 3595 2487 3660 35,
2524 3610 2578 3663 p.
2598 3596 2733 3661 212;

425 3680 686 3736 Jeremias
707 3682 828 3737 loco
854 3681 1096 3735 Danielis
1130 3697 1174 3735 c.
1195 3682 1278 3747 51,
1317 3678 1369 3748 p.
1396 3682 1522 3746 238;
1561 3679 1775 3735 Jesaias
1799 3681 1918 3734 loco
1942 3678 2213 3734 Jeremiae
2250 3695 2295 3733 c.
2321 3681 2405 3745 53,
2443 3697 2496 3749 p.
2518 3684 2639 3735 242.
2666 3710 2732 3721 -

420 3767 484 3821 Iu
507 3768 727 3837 Dc'aloyo
763 3767 1031 3821 Jeremias
1066 3766 1184 3820 loco
1217 3765 1436 3820 Jesaiae
1474 3781 1518 3820 c.
1551 3766 1628 3831 12,
1667 3782 1720 3834 p.
1748 3768 1839 3832 423
1878 3765 2063 3820 Hosea
2086 3765 2205 3819 loco
2233 3763 2528 3819 Sachariae
2566 3781 2610 3819 c.
2640 3768 2725 3832 14,

429 3869 480 3922 p.
506 3855 596 3919 52;
636 3852 897 3907 Sacharia
929 3853 1049 3906 loco
1082 3850 1387 3906 Malachiae
1426 3867 1469 3905 c.
1496 3852 1581 3917 49,
1621 3867 1679 3920 p.
1712 3853 1825 3906 156.

565 3939 589 3978 8
632 3937 1126 3993 Praeclarissimum
1157 3936 1320 4005 hujus
1356 3935 1435 3991 rei
1472 3936 1778 4005 exemplum
1827 3941 1910 3990 est
1954 3936 2105 3990 locus
2144 3940 2293 4006 Apol.
2319 3936 2364 4002 1,
2395 3938 2461 3989 52
2483 3977 2497 4005 ,
2543 3953 2598 4006 p.
2622 3938 2741 4000 240,

433 4022 523 4077 ubi
555 4024 657 4078 loci
694 4022 851 4078 Sach.
876 4022 945 4084 II,
973 4013 1027 4077 6.
1056 4022 1147 4091 VI,
1177 4026 1223 4076 6.
1259 4021 1383 4089 XII,
1418 4024 1631 4076 10—12.
1668 4021 1755 4075 Ps.
1782 4021 1924 4088 XCI,
1953 4023 2015 4074 11
2043 4037 2123 4090 sq.
2160 4021 2285 4076 Joel
2310 4019 2381 4087 ΙΙ,
2412 4023 2477 4075 12
2496 4037 2576 4091 sq.
2623 4021 2734 4076 JeS.

436 4107 627 4176 LXIII,
656 4113 734 4164 17.
781 4108 974 4176 LXIV,
1005 4111 1068 4162 11
1115 4109 1230 4163 solo
1283 4107 1542 4162 Sacharia
1576 4107 1732 4176 quasi
1767 4108 1924 4161 unico
1974 4121 2157 4161 eorum
2198 4113 2418 4162 auctore
2467 4108 2741 4162 nominato

433 4194 706 4264 compositi
741 4200 879 4261 sunt,
918 4200 977 4249 ut
1011 4194 1376 4264 spectaculum
1409 4193 1580 4247 horae
1614 4193 1775 4261 illius,
1814 4208 1923 4263 qua
1950 4192 2194 4248 Christus
2229 4193 2402 4262 gloria
2437 4193 2739 4262 majestatis

433 4278 782 4335 circumdatus
828 4281 1059 4335 alterum
1105 4294 1260 4334 suum
1303 4279 1360 4332 in
1407 4277 1595 4333 urbem
1631 4293 1843 4333 sacram
1879 4276 2169 4333 adventum
2205 4278 2531 4344 celebrabit,
2576 4277 2737 4332 nobis

435 4369 555 4420 ante
590 4365 769 4421 oculos
802 4371 1025 4436 ponant.

2263 4467 2329 4522 5·
