3264 5076
1672 420 1750 494 16

539 646 578 706 5
606 663 747 727 sqq.
806 650 1176 729 narrantur,
1235 644 1400 712 Mosi
1456 647 1752 713 revelata
1810 651 1878 713 et
1932 644 2016 711 ab
2069 644 2215 730 ipso
2277 643 2481 711 literis
2534 640 2852 709 mandata

539 782 689 828 esse
744 763 1151 830 arbitrantur.
1248 765 1578 833 Discernit
1620 764 1883 850 quidem
1928 764 2123 830 etiam
2168 762 2388 847 Philo,
2443 782 2586 829 cum
2631 782 2852 829 oracu-

540 883 743 948 lorum
802 883 1225 951 Pentateuchi
1288 885 1420 950 alia
1473 906 1515 950 a
1567 888 1715 954 Deo
1769 884 1913 972 ipso
1966 904 2085 971 per
2135 885 2363 950 Mosen
2422 882 2852 969 pronuntiata,

547 1002 679 1071 alia
721 1003 886 1069 Mosi
941 1003 1363 1088 interroganti
1410 1026 1451 1070 a
1493 1008 1641 1073 Deo
1696 1004 1964 1090 tradita,
2008 1003 2142 1070 alia
2184 1024 2227 1069 a
2267 1004 2451 1069 Mose
2503 1001 2572 1068 in
2617 1001 2854 1071 ecstasi

543 1121 884 1188 constituto
928 1123 1343 1209 pronuntiata
1386 1144 1533 1191 esse
1579 1125 1924 1211 existimet,
1970 1123 2265 1190 similiter
2306 1128 2500 1205 atque
2533 1121 2846 1188 Talmud¹

540 1239 704 1306 duas
748 1241 1190 1327 inspirationis
1238 1244 1515 1329 speeies:
1560 1240 1920 1332 ἑρμηνείαν,
1966 1263 2133 1326 quae
2178 1247 2527 1329 propterea
2571 1239 2743 1326 quod
2786 1242 2856 1306 in

548 1379 632 1427 ea
660 1360 852 1426 'solus
897 1364 1078 1428 Deus
1124 1363 1421 1448 loquatur
1464 1370 1530 1431 et
1572 1383 1703 1429 una
1747 1362 1933 1448 quasi
1977 1380 2261 1449 persona
2307 1382 2449 1426 cum
2504 1360 2856 1446 interprete

542 1479 676 1564 fiat,
722 1480 1134 1547 sanctissima
1178 1482 1262 1548 sit
1307 1489 1372 1550 et
1407 1482 1917 1569 inexplicabilis,
1958 1488 2150 1566 atque
2193 1481 2625 1568 προφητείαν,
2661 1500 2697 1546 e
2728 1500 2859 1563 qua

541 1599 796 1682 reliqua
841 1602 1103 1666 oracula
1147 1602 1618 1687 profluxerint.²
1701 1602 1834 1670 Sed
1860 1603 1955 1673 ita
1982 1601 2131 1668 ideo
2160 1598 2603 1667 tantummodo
2633 1598 2856 1665 distin-

542 1719 696 1805 guit,
738 1719 891 1801 quia
934 1721 1222 1805 singulas
1269 1722 1529 1788 Tborae
1574 1728 1796 1808 partes
1839 1721 2204 1807 perlegenti
2231 1719 2396 1786 haec
2428 1725 2855 1801 occurrerant,

547 1857 670 1903 nec
713 1836 1061 1922 quidquam
1106 1838 1258 1906 inde
1306 1841 1538 1907 acriori
1582 1841 1974 1923 cogitatione
2021 1837 2360 1906 concludit.
2454 1840 2539 1904 Et
2566 1837 2853 1923 profecto

543 1977 674 2022 non
717 1959 1012 2044 patescit,
1059 1979 1189 2043 qua
1231 1961 1484 2043 ratione
1532 1966 1598 2027 et
1642 1981 1769 2045 quo
1803 1961 1953 2045 jure
1997 1958 2184 2025 Philo
2230 1954 2572 2044 ἑρμηνείαν
2603 1962 2669 2024 et
2696 1979 2855 2041 προ-

545 2077 822 2162 φητείαν
865 2077 1231 2146 discernere
1275 2081 1498 2165 possit.
1572 2081 1741 2146 Nam
1791 2099 2015 2146 omnes
2065 2078 2419 2145 sententias
2466 2083 2532 2145 et
2568 2095 2763 2143 voces
2793 2083 2858 2141 et

546 2194 840 2278 syllabas
870 2196 1129 2265 Thorae
1175 2199 1400 2266 eodem
1447 2199 1690 2266 honore
1720 2199 2131 2285 prosequitur
2158 2204 2224 2266 et
2252 2195 2606 2283 quamlibet
2635 2217 2854 2263 earum

545 2315 682 2381 sive
728 2302 1109 2400 positionem
1165 2319 1304 2385 sive
1360 2319 1774 2386 omissionem
1817 2319 2062 2406 pariter
2119 2317 2404 2385 divinam
2454 2322 2518 2382 et
2562 2321 2853 2382 sanctam

547 2439 613 2503 et
657 2434 884 2501 divina
926 2443 1142 2503 mente
1188 2436 1552 2522 divinisque
1598 2439 1921 2525 mysteriis
1964 2439 2228 2524 plenam
2264 2437 2648 2522 aestimat,3‘
2673 2455 2755 2501 ea
2785 2434 2855 2513 in

685 2589 707 2631 ¹
751 2602 961 2649 mnan
1004 2604 1108 2651 *nn
1150 2622 1218 2632 —
1260 2604 1398 2652 mar
1441 2606 1562 2661 ηπ,

684 2676 710 2717 ²
752 2677 834 2730 De
858 2678 1001 2731 Mos.
1025 2676 1123 2732 111.
1162 2678 1223 2733 Τ.
1248 2679 1320 2746 ΙΙ,
1358 2695 1411 2747 p.
1446 2682 1541 2733 163
1567 2695 1673 2748 sq.:
1711 2679 1824 2731 τῶν
1851 2678 2057 2747 λογίων
2083 2674 2194 2751 γὰρ
2227 2674 2295 2732 τὰ
2317 2675 2426 2750 μὲν
2459 2673 2521 2730 ἐκ
2560 2668 2858 2745 προσώπου

545 2763 641 2814 τοῦ
676 2763 813 2816 θεοῦ
846 2759 1067 2831 λέγεται
1105 2761 1179 2816 δι’
1205 2762 1487 2837 ἑρμηνέως
1519 2766 1613 2818 τοῦ
1649 2765 1809 2817 θείου
1846 2757 2157 2837 προφήτου·
2194 2759 2260 2815 τὰ
2295 2760 2353 2815 δ’
2393 2758 2455 2817 ἐκ
2488 2757 2736 2819 πεύσεως
2765 2760 2861 2813 καὶ

547 2843 901 2916 ἀποκρίσεως
934 2841 1279 2920 ἐθεσπίσθη,
1325 2843 1391 2903 τὰ
1437 2847 1498 2902 δ’
1544 2844 1604 2903 ἐκ
1640 2843 1938 2919 προσώπου
1972 2846 2264 2907 Μωὶῖσέως
2301 2843 2732 2905 ἐπιθειάσαντος
2765 2846 2860 2898 καὶ

545 2925 607 2989 ἐξ
645 2927 810 2986 αὑτοῦ
852 2934 1298 3005 κατασχεθέντος
1300 2976 1636 2991 .........
1705 2930 1785 2986 Τὰ
1827 2932 1937 3007 μὲν
1970 2921 2070 2989 οὖν
2107 2935 2293 3005 πρῶτα
2329 2928 2701 3006 ὕπερθετέον·
2741 2933 2860 3003 μεί-

547 3021 679 3080 ζονα
725 3014 836 3089 γάρ
883 3012 1039 3073 ἐστιν
1086 3018 1118 3089 ἢ
1168 3016 1240 3079 ὥς
1297 3017 1391 3074 ὕπ’
1442 3016 1747 3091 ἀνθρώπου
1782 3015 1932 3080 τινὸς
1966 3014 2344 3095 ἐπαινεθῆναι
2383 3061 2395 3074 .
2424 3061 2437 3075 .
2464 3062 2477 3075 .
2504 3061 2516 3073 .
2551 3019 2648 3072 καὶ
2684 3016 2859 3075 ἄλλως

546 3102 768 3173 λέγεται
805 3100 1009 3158 ὡσανεὶ
1047 3102 1120 3157 δι’
1145 3103 1450 3178 ἑρμηνέως·
1491 3104 1829 3179 ἑρμηνεία
1865 3101 1990 3175 γὰρ
2025 3106 2143 3159 καὶ
2182 3106 2574 3176 προφητεία
2612 3100 2852 3173 διαφέ-

548 3206 757 3260 ρουσι.
827 3190 975 3264 Περὶ
1010 3189 1072 3244 δὲ
1108 3195 1220 3244 τῶν
1255 3190 1531 3262 δευτέρων
1567 3189 1758 3245 αὐτίκα
1793 3188 2138 3263 πειράσομαι
2174 3191 2376 3260 δηλοῦν
2411 3185 2737 3261 συνυφήνας
2768 3184 2862 3240 αὖ·

546 3278 661 3333 τοῖς
700 3275 796 3328 καὶ
843 3272 901 3327 τὸ
949 3277 1135 3346 τρίτον
1170 3272 1344 3341 εἶδος,
1394 3272 1457 3330 ἐν
1492 3268 1536 3352 ᾧ
1572 3273 1634 3331 τὸ
1668 3281 1762 3332 τοῦ
1795 3277 2054 3347 λέγοντος
2091 3271 2472 3334 ἐνθουσιῶδες
2506 3270 2860 3348 ἐμφαίνεται,

545 3357 681 3413 καθ’
713 3358 743 3412 ὃ
779 3360 1021 3433 μάλιστα
1056 3362 1151 3416 καὶ
1199 3364 1401 3434 κυρίως
1443 3359 1767 3435 νενόμισται
1812 3358 2115 3437 προφήτης.
2188 3360 2295 3417 Cfr.
2330 3364 2714 3427 Daehnium‚
2761 3361 2860 3414 Ge-

544 3447 875 3502 schichtliche
923 3450 1265 3520 Darstelluny
1319 3453 1412 3504 der
1448 3450 2201 3519 jildisch-alexandrinischen
2249 3448 2856 3518 Reliyionsphilosophie.

546 3531 589 3598 1,
617 3548 668 3599 p.
685 3534 766 3586 60.
819 3534 869 3589 G
859 3534 981 3602 fro
995 3553 1261 3600 ererum,
1300 3537 1490 3590 Philon
1516 3539 1624 3590 und
1651 3539 1733 3592 clie
1757 3536 2209 3590 alexandrinische
2238 3534 2571 3602 Theosophie.
2620 3531 2664 3599 Ι,
2701 3549 2755 3601 p.
2774 3532 2858 3583 54.

685 3619 709 3657 3
765 3618 850 3672 De
896 3618 1187 3687 allegorica
1218 3618 1458 3674 Philonis
1501 3621 1949 3690 interpretatione
1986 3616 2080 3673 cfr.
2112 3618 2163 3673 G
2153 3620 2211 3688 s
2212 3637 2278 3673 ro
2291 3637 2392 3673 ere
2405 3636 2561 3683 rum,
2596 3617 2860 3672 Kritische

554 3705 860 3758 Geschichte
895 3708 986 3758 des
1024 3703 1511 3760 Urchristemhums.
1559 3707 1601 3761 Ι.
1645 3710 1688 3760 1.
1724 3722 1778 3775 p.
1801 3708 1867 3760 68
1885 3720 2002 3774 sqq.
2062 3705 2319 3759 Joannem
2362 3706 2648 3775 Geor9i1‘‚
2695 3703 2858 3757 Ueber

549 3791 634 3842 die
677 3799 887 3844 nemeen
937 3792 1249 3859 Geyensd'tze
1281 3794 1338 3845 'in
1372 3792 1710 3863 Aqffasstmy
1750 3797 1844 3849 der
1885 3792 2390 3846 Alexandrinis-chen
2428 3790 2866 3860 Reliyionsphilo·

549 3876 754 3943 sophie,
789 3876 1152 3931 insbesondere
1177 3881 1269 3932 des
1279 3880 1564 3947 jiidischen
1589 3881 2092 3933 Alexandrinismm.
2143 3878 2178 3929 I
2179 3879 2198 3930 l
2208 3879 2228 3929 Ζ
2233 3878 2416 3946 yenit·
2439 3872 2867 3942 Zeitschriftfiir

549 3961 634 4014 die
659 3962 961 4014 histor-iselae
994 3963 1286 4033 Theozoqie.
1327 3964 1474 4018 1839.
1519 3962 1610 4030 IV,
1632 3980 1687 4031 p.
1707 3966 1741 4016 4
1766 3979 1883 4032 sqq.
1938 3964 2176 4018 Graecos
2202 3976 2414 4030 quoque
2437 3960 2675 4029 ipsorum
2701 3959 2867 4014 histo·

550 4043 661 4098 rias
685 4059 869 4099 sacras
892 4045 1181 4115 allegorice
1211 4047 1596 4117 interpretatos
1619 4063 1740 4103 esse
1759 4047 2146 4103 demonstravit
2167 4050 2213 4102 S
2221 4050 2499 4112 talarius,
2526 4048 2868 4116 Allqemeiner

561 4128 862 4185 Ueberblick
894 4134 1017 4187 iiber
1049 4137 1134 4188 die
1171 4135 1473 4189 Geschichte
1508 4139 1603 4189 der
1624 4136 1972 4206 Behandluny
2005 4139 2114 4190 und
2139 4134 2382 4203 Deuthq
2417 4136 2512 4187 der
2543 4133 2760 4202 Mythen
2794 4133 2865 4185 im

552 4218 865 4271 Alter-[hume
890 4217 946 4271 in
964 4219 1216 4273 Baueri
1239 4219 1666 4290 Zeitschrafljar
1691 4223 1997 4290 speculative
2019 4221 2310 4290 Theoloqie.
2344 4217 2389 4272 Ι.
2415 4221 2465 4272 2.
2499 4233 2552 4285 p.
2573 4220 2605 4271 3
2626 4232 2741 4286 sqq.
2778 4217 2866 4271 De

552 4299 856 4356 Stoicorum
894 4301 1185 4372 allegorica
1228 4305 1679 4374 interpretatione
1724 4303 1819 4360 cfr.
1857 4306 1913 4359 Z
1916 4308 2000 4360 elz
2010 4324 2204 4371 erum,
2250 4304 2355 4359 Die
2391 4304 2721 4372 Philosophie
2766 4307 2860 4358 der

557 4387 828 4445 Griechen.
882 4387 982 4459 111,
1022 4391 1069 4447 1.
1103 4406 1157 4462 p.
1184 4392 1285 4445 300
1311 4406 1426 4465 sqq.
1470 4390 1578 4457 (ed.
1599 4390 1693 4456 11).
