3264 5076
1617 384 1725 485 484}
1816 480 1829 484 ,

509 616 835 698 venisse1,
883 635 1023 680 cum
1069 620 1296 679 nostra
1339 612 1690 697 evangelia
1732 619 2027 696 narrent,
2068 612 2328 677 Petrum
2360 610 2642 677 Domino
2673 615 2830 675 tem·

516 756 677 822 pore
721 735 833 800 illo
879 733 1286 800 succurrisse.
1361 704 1484 798 Hic
1527 733 1851 799 ‚Iustinum
1896 737 2243 817 propterea
2287 728 2377 795 de·
2413 731 2606 796 Petro
2642 729 2834 794 silere

514 853 840 921 contendit
891 859 1267 930 Credam-us,
1323 852 1476 936 quia
1528 852 1935 937 evangelium
1981 849 2308 916 Petrinum
2355 848 2835 915 excandescen-

510 975 642 1040 tiae
706 975 844 1058 ejus
900 975 1187 1041 consulto
1241 973 1483 1039 nullam
1541 972 1936 1038 mentionem
2000 970 2241 1037 fecerit.
2271 970 2295 1010 ‘²
2396 969 2484 1033 At
2535 969 2677 1034 sine
2723 967 2834 1034 du-

516 1095 625 1162 bio
679 1093 984 1160 auxilium
1042 1092 1201 1158 illud
1242 1093 1405 1158 Jesu
1450 1113 1492 1157 a
1534 1093 1728 1159 Petro
1781 1091 1981 1157 latum
2038 1091 2099 1156 ei
2151 1111 2282 1155 non
2329 1091 2617 1174 ignotum
2676 1095 2835 1172 erat,

515 1214 635 1281 sed
690 1220 1039 1299 propterea
1090 1212 1349 1279 silentio
1409 1210 1770 1299 praeteriit,
1826 1211 1977 1295 quia
2016 1210 2166 1293 jure
2219 1209 2428 1294 ipsum
2486 1230 2605 1294 pro
2656 1208 2834 1274 nullo

520 1333 759 1401 auxilio
824 1332 1111 1399 habebat
1166 1339 1232 1399 et
1283 1331 1655 1398 vaticinium
1713 1331 1819 1396 Ps.
1857 1331 2074 1413 XXII,
2126 1333 2198 1393 12
2247 1335 2536 1414 tempore
2590 1328 2837 1414 passio·

516 1453 619 1519 nis
664 1454 824 1520 Jesu
871 1451 1202 1537 impletum
1248 1471 1398 1517 esse
1444 1450 1888 1517 demonstrare
1934 1449 2217 1516 volebat.
2272 1486 2350 1495 —
2397 1448 2687 1515 Alteram
2729 1452 2837 1512 Ju-

515 1573 667 1638 stini
721 1593 863 1638 cum
916 1571 1275 1656 evangeliis
1330 1571 1657 1637 canonicis
1702 1569 2173 1636 dissensionem
2226 1567 2398 1634 hanc
2451 1588 2601 1635 esse
2652 1572 2837 1632 Cred-

514 1713 702 1757 nerus
754 1691 1105 1758 existimat:
1168 1691 1493 1757 Justinum
1548 1709 1844 1774 narrare,
1898 1692 2055 1757 Jesu
2084 1690 2172 1754 ‘in
2229 1689 2667 1773 captivitatem
2729 1688 2837 1753 ab-

516 1812 706 1879 ducto
751 1809 1101 1896 discipulos
1148 1811 1285 1894 ejus
1332 1811 1415 1877 de
1456 1809 1766 1876 missione
1800 1809 2094 1894 magistri
2119 1810 2453 1875 Messiana
2482 1807 2834 1893 dubitasse,

519 1930 638 1999 sed
693 1930 854 1998 nihil
908 1930 990 1997 de
1042 1929 1169 1996 hac
1225 1929 1621 1997 dubitatione
1687 1929 1755 1995 in
1811 1928 2168 2011 evangeliis
2223 1930 2460 1996 nostris
2528 1929 2833 1996 traditum

521 2054 725 2120 esse.³
805 2054 899 2117 At.
930 2051 1222 2118 Justinus
1267 2051 1464 2115 talem
1510 2049 1976 2116 dubitationem
2021 2070 2151 2114 non
2193 2049 2405 2133 magis
2437 2050 2615 2116 novit
2642 2069 2835 2132 quam

523 2171 870 2253 evangelia
932 2171 1066 2235 illa.
1165 2172 1335 2236 Nam
1391 2170 1595 2236 verba
1647 2169 1786 2254 ejus
1841 2164 2032 2262 Μετὰ
2076 2158 2197 2234 οὖν
2240 2165 2319 2236 τὸ
2365 2171 2832 2255 σταυρωθῆναι

521 2285 728 2356 αὐτὸν
769 2291 880 2356 καὶ
924 2286 987 2355 οἱ
1028 2286 1347 2376 γνώριμοι
1391 2283 1595 2356 αὐτοῦ
1647 2285 1890 2366 πάντες
1943 2282 2340 2375 ἀπέστησαν,
2397 2282 2833 2377 α’ρνησάμενοι

520 2403 725 2476 αὐτόν
771 2409 969 2496 (Apol.
994 2411 1043 2495 Ι,
1076 2414 1178 2493 50,
1207 2432 1269 2496 p.
1304 2408 1459 2495 236)
1506 2407 1574 2474 id
1617 2415 1864 2476 tantum
1911 2409 2295 2492 gravissime
2337 2407 2836 2495 reprehendunt,

524 2529 695 2615 quod
746 2551 969 2596 omnes
1012 2530 1173 2597 Jesu
1219 2528 1515 2616 discipuli
1566 2506 1828 2616 praeter
1870 2529 2193 2595 Joannem
2238 2552 2481 2616 pavore
2539 2528 2839 2598 commoti

524 2650 899 2735 magistrum
946 2649 1311 2715 crucifixum
1358 2648 1775 2716 deseruerint.

696 2770 814 2835 His
868 2789 1036 2852 quae
1091 2768 1305 2836 adhuc
1357 2769 1636 2835 diximus
1695 2769 1856 2834 satis
1915 2771 2229 2854 probasse
2285 2769 2469 2837 nobis
2523 2770 2834 2855 videmur,

524 2888 683 2954 nihil
729 2890 1015 2973 obstare,
1060 2889 1398 2973 quominus
1443 2881 2079 2976 ἀπομνημονεύματα
2121 2890 2359 2955 Justini
2401 2911 2533 2957 non
2578 2891 2840 2958 diversa

530 3029 677 3076 esse
732 3029 1115 3076 censeamus
1174 3010 1258 3075 ab
1303 3008 1664 3092 evangeliis
1710 3014 1985 3092 quatuor
2046 3009 2114 3074 in
2170 3030 2483 3076 canonem
2539 3012 2838 3096 receptis,

531 3150 800 3213 quorum
845 3128 971 3196 duo
1014 3122 1147 3194 ὑπὸ
1199 3121 1622 3206 α’ποστόλων,
1677 3127 1803 3194 duo
1856 3122 1991 3195 ὑπὸ
2044 3131 2186 3194 τῶν
2238 3128 2510 3207 ἐκείνοις
2552 3152 2839 3215 παρακο-

531 3243 1011 3335 λουθησάντων
1066 3245 1257 3333 (Dial.
1290 3268 1341 3312 c.
1376 3254 1474 3312 Tr.
1508 3268 1560 3313 c.
1605 3250 1747 3333 103,
1786 3271 1847 3334 p.
1884 3246 2040 3333 348)
2086 3251 2449 3336 conscripta
2507 3257 2684 3337 sunt,
2745 3250 2840 3316 ita

528 3375 598 3435 ut
638 3388 747 3453 ea,
807 3389 974 3453 quae
1022 3372 1297 3431 Justinus
1339 3367 1422 3433 de
1468 3367 1597 3432 illis
1656 3367 2182 3435 memorabilibus
2228 3369 2346 3452 ait,
2405 3370 2846 3457 respondeant

534 3488 866 3575 partitioni
911 3486 1394 3578 evangeliorum
1442 3492 1887 3553 Tertullianeae
1933 3486 2107 3572 (Adv.
2146 3494 2343 3553 Marc.
2374 3492 2480 3575 IV,
2503 3489 2597 3577 2):
2644 3492 2852 3574 „Con-

451 3684 456 3689 ,
530 3607 847 3674 stituimus
916 3606 1364 3689 evangelicum
1438 3607 1932 3673 instrumentum
2001 3615 2302 3688 apostolos
2372 3616 2669 3676 auctores
2735 3609 2848 3676 ha-

535 3747 941 3755 οῄ--ὴ-Μμ-Ϋ-

671 3830 690 3870 l
741 3829 806 3880 Οἱ
852 3826 1181 3882 διδάσκαλοι
1228 3825 1382 3900 ὑμῶν
1417 3834 1530 3887 τοῖς
1574 3829 1791 3887 τέκνοις
1839 3826 2022 3881 αὐτῶν
2059 3830 2228 3885 αἴτιοι
2274 3819 2421 3902 ἦσαν
2458 3833 2550 3885 τοῦ
2587 3826 2841 3888 ἐξελθόν-

528 3934 626 3973 τας
662 3914 744 3973 εἷς
775 3911 836 3968 τὸ
871 3912 997 3984 ὅρος
1030 3916 1139 3967 τῶν
1172 3911 1412 3967 Ἐλαιῶν
1449 3916 1741 3984 συλλαβεῖν
1778 3912 1959 3977 αὐτὸν,
2003 3916 2099 3969 καὶ
2136 3918 2300 3988 ἄγειν
2335 3912 2423 3970 ἐπ’
2462 3914 2668 3975 αὐτοὺς.
2731 3918 2847 3970 Καὶ

530 3996 593 4054 τὸ
628 3999 835 4053 εἰπεῖν·
885 3999 965 4052 ὅτι
1004 3996 1101 4052 οὐκ
1137 3996 1291 4053 ἔστιν
1328 3998 1356 4054 ὅ
1391 4001 1617 4069 βοηθῶν
1655 4000 1764 4065 (Ps.
1790 3999 1966 4068 XXII,
2000 4004 2084 4063 11)
2122 4002 2423 4072 δηλωτικὸν
2453 4008 2552 4059 καὶ
2589 3999 2719 4056 αὗτὸ
2751 4006 2844 4055 τοῦ
2882 4007 2887 4011 ’

533 4084 849 4157 γενομένου.
924 4082 1166 4143 Οὐδεὶς
1211 4081 1371 4156 γὰρ,
1421 4082 1582 4138 οὐδὲ
1615 4085 1865 4159 μέχρις
1910 4082 2061 4147 ἑνὸς
2109 4085 2509 4161 ἄνθρώπου,
2554 4093 2846 4158 βοηθεῖν

533 4168 702 4245 αὐτῷ
739 4169 820 4229 ὥς
855 4167 1311 4245 ἀναμαρτήτῳ
1346 4166 1594 4241 βοηθὸς
1628 4167 1920 4242 ὑπῆρχε.

672 4256 697 4297 2
741 4255 804 4311 L.
832 4271 876 4311 e.
912 4273 964 4326 p.
991 4258 1107 4311 228.
1133 4258 1250 4313 261.

668 4342 694 4384 ³
735 4341 799 4398 L.
827 4357 872 4397 c.
908 4358 963 4411 p.
989 4343 1105 4397 257.
