3264 5076
1668 343 1760 417 80

538 571 741 636 Marci
784 570 1128 655 evangelio
1173 570 1643 653 intelligamus,
1686 569 1796 635 ubi
1842 569 2084 655 duplex
2131 570 2248 635 illa
2288 573 2726 654 μετονομασία
2770 572 2867 637 sic

539 710 670 755 una
703 691 899 774 juxta
942 690 1232 766 alteram,
1278 691 1368 756 uti
1401 690 1692 756 Justinus
1737 690 1951 772 refert,
2000 689 2242 775 scripta
2272 689 2564 770 legitur.¹
2653 689 2870 757 Adsti-

540 810 837 894 pulamur
879 810 1268 886 Semiscki02,
1315 811 1531 875 turrim
1582 828 1736 875 acus
1783 793 2031 895 cuspidi
2076 813 2520 894 superstruere
2566 829 2709 894 eos,
2754 810 2862 892 qui

541 949 624 995 ex
666 929 780 994 illo
824 922 1028 994 αὐτοῦ
1074 928 1157 994 ad
1206 931 1464 995 Petrum
1515 931 1720 995 relato
1767 927 2180 1012 concludant,
2225 928 2636 1012 evangelium
2683 929 2856 995 Petri

540 1056 605 1114 et
657 1048 1101 1114 memorabilia
1172 1049 1605 1134 apostolorum
1670 1069 1861 1113 unum
1928 1046 2333 1130 eundemque
2395 1047 2626 1113 librum
2691 1068 2855 1134 esse,

540 1188 727 1251 quem
773 1174 812 1232 J
819 1169 1061 1234 ustinus
1107 1167 1522 1252 excerpserit.
1605 1170 1741 1234 Nos
1771 1189 1911 1234 cum
1947 1172 2275 1232 Semischio
2307 1173 2373 1232 et
2422 1170 2849 1233 Olshauseni03

536 1286 696 1352 illud
741 1281 945 1354 miros>
989 1288 1073 1352 de
1117 1285 1373 1353 Christo
1420 1287 1856 1373 intelligimus,
1902 1288 1994 1352 ita
2037 1294 2106 1351 ut
2149 1287 2636 1372 „memorabilia
2668 1288 2853 1371 ejus“

541 1405 718 1492 (gen.
751 1407 907 1490 obj.)
943 1407 1111 1472 idem
1149 1406 1232 1471 sit
1261 1406 1431 1488 quod
1466 1407 1955 1490 „memorabilia
1985 1406 2421 1492 apostolorum
2449 1405 2627 1492 (gen.
2660 1408 2855 1492 subj.)

539 1527 744 1611 ejus“,
791 1527 1104 1610 siquidem
1152 1546 1280 1590 non
1322 1546 1482 1610 opus
1529 1532 1629 1591 est
1673 1518 1877 1591 αὐτοῦ
1922 1526 1989 1591 in
2032 1520 2258 1591 αὐτῶν
2286 1533 2536 1592 mutare
2573 1527 2678 1592 vel
2713 1529 2853 1591 τῶν

538 1640 938 1712 ἀποστόλων
983 1651 1136 1710 ante
1181 1638 1387 1710 αὐτοῦ
1429 1645 1772 1712 inserere.⁴
1884 1645 2156 1712 Accedit
2212 1646 2385 1729 quod
2440 1645 2853 1729 evangelium

541 1765 715 1830 Petri
750 1764 1189 1850 apocryphum
1222 1785 1546 1848 nunquam
1577 1764 1743 1830 inter
1773 1765 1973 1831 libros
2012 1765 2433 1851 praelectioni
2467 1765 2856 1831 ecclesiasti·

541 1905 658 1950 cae
706 1884 1134 1951 inservientes
1180 1884 1314 1948 fuit.
1406 1887 1708 1949 Eusebius
1748 1885 1917 1949 enim
1958 1892 2207 1970 narrat,
2258 1885 2682 1971 Serapionem
2726 1883 2856 1968 epi·

539 2024 803 2090 scopum
848 2003 1314 2069 Antiochenum
1363 2003 1713 2088 ecclesiae,
1756 2024 1924 2087 quae
1973 2012 2113 2071 erat
2153 2003 2390 2072 Rhossi
2437 2005 2731 2087 Ciliciae,
2778 1998 2856 2067 τὸ

537 2119 1039 2208 προφερόμενον
1092 2116 1367 2206 ὀνόματι
1422 2122 1682 2207 Πέτρου
1745 2117 2146 2208 εὐαγγέλιον,
2215 2125 2607 2209 Ρτίιιεᾳιωω
2640 2124 2850 2208 ipsum

544 2250 842 2309 accurate
896 2243 1314 2328 perlegisset,
1371 2244 1437 2308 in
1482 2262 1666 2307 usum
1714 2243 2142 2326 concessisse,
2202 2250 2438 2327 postea
2480 2264 2666 2327 vero,
2714 2263 2857 2308 cum

541 2363 866 2430 elementa
924 2361 1256 2428 haeretica
1299 2361 1516 2429 inesse
1563 2363 1998 2448 cognovisset,
2058 2383 2240 2428 usum
2288 2363 2426 2447 ejus
2471 2361 2861 2428 ecclesiasti-

542 2504 680 2549 cum
738 2482 1022 2549 vetuisse
1068 2489 1160 2562 et,
1216 2487 1286 2548 ut
1341 2482 1395 2548 si
1450 2481 1601 2565 quid
1662 2481 2027 2549 detrimenti
2090 2482 2369 2550 ecclesia
2416 2480 2567 2549 inde
2614 2480 2861 2568 ceperit

540 2603 683 2688 ipse
729 2604 1022 2686 sarciret,
1076 2608 1281 2668 semet
1325 2602 1536 2687 ipsum
1581 2623 1731 2667 mox
1777 2622 1854 2669 eo
1899 2610 2235 2670 venturum
2288 2601 2642 2687 pollicitum
2690 2620 2860 2679 esse,

539 2722 712 2786 unde
768 2722 1004 2805 elucet,
1059 2742 1242 2787 usum
1295 2721 1474 2786 illum
1530 2723 1855 2806 evangelii
1897 2722 2142 2788 Petrini
2188 2723 2581 2807 singularem
2629 2727 2694 2786 et
2737 2721 2861 2786 for·

541 2840 764 2905 tuitum
812 2841 1028 2925 fuisse,
1076 2861 1117 2906 a
1161 2841 1422 2925 reliquis
1468 2841 1762 2907 ecclesiis
1809 2840 2071 2909 minime
2117 2842 2461 2926 agnitum.⁵

714 2958 784 3045 3)
849 2961 951 3026 Ex
1013 2960 1358 3043 evangelio
1411 2960 1521 3025 illo
1587 2962 1847 3028 Petrino
1912 2960 2050 3027 sive
2109 2962 2460 3035 secundum
2522 2961 2859 3028 Hebraeos

543 3055 826 3146 derivari
881 3087 1174 3166 oportere
1232 3086 1456 3147 censet
1516 3083 1893 3145 Crednerusss
1954 3081 2132 3147 locos
2176 3081 2492 3165 quosdam
2539 3102 2574 3148 e
2620 3101 2860 3148 memo-

541 3197 847 3265 rabilibus
894 3201 1331 3286 apostolorum
1379 3199 1644 3284 allatos,
1684 3200 1792 3284 qui
1819 3200 2061 3285 pariter
2090 3202 2197 3267 vel
2224 3201 2517 3267 similiter
2545 3201 2628 3266 ab
2667 3221 2864 3266 evan-

419 3368 428 3382 .
543 3319 729 3402 geliis
796 3320 1122 3385 canonicis
1186 3320 1638 3404 discrepantes
1709 3319 1776 3385 in
1840 3324 2111 3384 Homiliis
2171 3326 2409 3386 Pseudo
2427 3357 2456 3369 -
2484 3325 2859 3384 clementinis

542 3438 965 3523 reperiuntur.
1070 3439 1374 3522 Legimus
1430 3444 1644 3504 Matth.
1668 3439 1871 3524 XXV,
1901 3442 1981 3502 41
2037 3439 2390 3506 secundum
2435 3445 2682 3506 textum
2726 3440 2860 3505 vul-

542 3564 788 3642 gatum:
850 3554 1003 3625 Τότε
1050 3556 1185 3643 ἐρεῖ
1223 3560 1333 3624 καὶ
1374 3570 1514 3634 τοῖς
1559 3556 1630 3639 ἐξ
1668 3551 2031 3643 εὐωνύμων
2056 3577 2069 3591 ·
2128 3554 2503 3642 Πορεύεσθε
2547 3551 2658 3625 ἀπ’
2698 3557 2858 3643 ἐμοῦ

684 3782 701 3820 ¹
751 3779 857 3834 Cfr.
894 3784 1405 3835 Bindemannum
1440 3780 1474 3834 1.
1503 3797 1545 3835 e.
1582 3797 1635 3849 p.
1664 3784 1764 3834 407
1791 3796 1869 3849 sq.
1938 3782 2369 3834 Lutharatum
2411 3780 2445 3834 1.
2474 3797 2519 3835 c.
2565 3797 2620 3848 p.
2648 3782 2749 3832 316
2775 3794 2855 3848 sq.
2971 3761 2984 3764 “

543 3867 609 3919 H
612 3870 1068 3931 oltzmannum,
1100 3868 1205 3919 Die
1241 3870 1597 3937 synoptischen
1632 3867 1963 3936 Evangelien.
2018 3881 2069 3933 p.
2099 3867 2215 3917 372.

679 3953 702 3990 2
748 3951 810 4005 L.
841 3967 886 4004 c.
921 3967 974 4018 p.
1005 3953 1102 4004 151
1129 3966 1208 4019 sq.

680 4037 704 4076 3
746 4036 809 4089 L.
836 4052 880 4090 c.
916 4051 970 4103 p.
995 4038 1095 4088 290
1120 4052 1198 4104 sq.

679 4122 702 4161 4
750 4119 859 4176 Cfr.
903 4122 1194 4176 ottonem
1229 4120 1300 4174 ad
1335 4121 1449 4175 h.l.

677 4209 700 4246 ⁵
752 4205 860 4261 Cfr.
907 4208 1350 4262 Thierschium
1383 4207 1418 4262 l.
1445 4222 1491 4260 c.
1527 4224 1579 4276 p.
1607 4207 1895 4260 375-378.

680 4295 703 4332 ⁶
747 4292 809 4347 L.
838 4308 883 4347 c.
917 4308 971 4363 p.
999 4294 1096 4346 211
1125 4308 1204 4362 sq.
1241 4294 1344 4347 248
1367 4308 1482 4362 sqq.
1546 4291 1656 4347 Cfr.
1690 4295 2156 4364 Schweqlerum
2186 4291 2223 4347 l.
2252 4307 2297 4346 c.
2333 4310 2388 4362 p.
2409 4296 2509 4348 225
2533 4310 2649 4364 sqq.
