3264 5076
22 4833 343 5040 l*-

1408 420 1710 534 --ἐξῆ

397 660 780 748 prophetas¹
840 679 1015 725 mere
1059 659 1319 763 passive
1363 659 1430 724 in
1459 664 1607 725 actu
1636 658 2074 746 inspirationis
2107 678 2179 724 se
2209 655 2452 722 habere
2483 651 2722 719 indicat

406 781 679 867 primum
727 780 1059 846 Geneseos
1103 799 1358 845 versum
1400 779 1495 844 ita
1539 778 1863 863 allegans:
1922 779 2207 863 Μωσῆς
2260 774 2370 859 δὲ,
2423 752 2719 859 μᾶλλον

403 899 485 966 δὲ
524 893 563 966 ὃ
597 893 833 984 λόγος
876 891 915 964 ὃ
951 899 1087 964 τοῦ
1131 901 1321 965 θεοῦ
1364 891 1469 975 ὥς
1514 891 1597 964 δι’
1640 892 1978 984 ὀργάνου
2008 889 2091 963 δι’
2132 889 2374 960 αυτοῦ
2410 910 2663 979 φησιν.
2686 893 2711 934 '²

571 1020 673 1083 Ea
727 1037 894 1101 quae
942 1016 1153 1083 adhuc
1207 1017 1583 1104 protulimus
1631 1039 1762 1085 non
1805 1017 1928 1084 nisi
1976 1015 2452 1096 mechanicam,
2508 1017 2579 1077 ut
2628 1012 2722 1077 ita

404 1137 646 1223 dicam,
700 1137 1186 1224 inspirationem
1242 1137 1302 1204 h.
1336 1159 1393 1204 e.
1450 1124 1932 1222 suggestionem
1997 1157 2205 1202 rerum
2262 1139 2327 1201 et
2385 1134 2722 1200 verborum

404 1257 639 1323 docere
683 1255 999 1323 videntur.
1081 1259 1165 1323 At
1208 1264 1474 1322 mantica
1518 1278 1755 1338 quoque
1796 1261 2213 1336 inspirationis
2255 1260 2416 1319 notio
2446 1258 2507 1318 in
2553 1255 2722 1316 libris

410 1383 867 1457 apoloqetarum
923 1379 1095 1441 nobis
1139 1384 1423 1442 occurrit.
1532 1379 1698 1443 Nam
1746 1383 2020 1442 Iustinus
2070 1381 2311 1454 Martyr
2354 1379 2419 1439 et
2462 1377 2725 1436 Athena-

406 1517 597 1577 qoras
660 1494 1110 1563 illustrissimis
1189 1495 1320 1562 illis
1395 1496 1587 1584 locis,
1669 1498 1894 1582 quibus
1962 1502 2196 1562 statum
2266 1491 2724 1581 prophetarum

412 1608 796 1703 depingunt,
876 1615 1052 1702 ipsos
1129 1624 1506 1703 comparant
1590 1637 1731 1683 cum
1809 1616 2248 1683 instrumentis
2333 1610 2726 1699 torpentibus

408 1735 880 1821 impotibusque
913 1737 1145 1803 mentis
1177 1743 1368 1819 atque
1409 1743 1809 1821 asseverant,
1854 1737 1981 1802 illis
2012 1737 2079 1801 in
2113 1741 2259 1801 actu
2287 1730 2728 1819 inspirationis

408 1854 563 1921 nihil
610 1874 771 1940 opus
823 1854 1024 1923 fuisse
1065 1856 1191 1922 nisi
1235 1876 1429 1943 puros
1475 1877 1548 1922 se
1594 1857 1772 1943 ipsos
1820 1857 2091 1943 Spiritus
2138 1852 2497 1941 operationi
2542 1869 2729 1937 prae-

413 1977 586 2058 bere,
615 1952 684 2040 ut
708 1972 991 2041 divinum
1015 1974 1172 2041 illud
1187 1976 1516 2062 plectrum,
1535 1976 1899 2043 hominibus
1928 1976 2169 2042 sanctis
2193 1980 2381 2040 utens
2403 1979 2729 2055 tamquam

416 2094 676 2162 citharis
692 2094 799 2160 vel
816 2093 993 2181 lyris,
1003 2094 1362 2162 divinarum
1384 2096 1571 2163 nobis
1594 2103 1660 2161 et
1679 2095 2051 2163 coelestium
2073 2116 2283 2161 rerum
2302 2092 2730 2179 cognitionem

419 2216 800 2282 recluderet.
880 2209 1046 2282 Οὔτε
1073 2211 1197 2302 γὰρ
1228 2211 1445 2300 φύσει,
1481 2217 1573 2283 ait
1597 2222 1888 2292 Justinus,
1921 2207 2059 2281 οὔτ’
2085 2207 2479 2299 άνθρωπίνῃ
2511 2210 2734 2298 ἐννοίᾳ

420 2329 599 2401 οὕτω
641 2330 890 2420 μεγάλα
933 2336 1046 2401 καὶ
1088 2340 1241 2401 θεῖα
1283 2332 1631 2421 γινώσκειν
1676 2329 2066 2420 ἀνθρώποις
2096 2328 2402 2418 δυνατόν,
2448 2325 2617 2398 άλλὰ
2653 2329 2735 2412 τῇ

422 2449 692 2522 ἄνωθεν
740 2453 849 2521 ἐπὶ
891 2449 1046 2532 τοὺς
1089 2448 1314 2541 ἁγίους
1359 2448 1604 2541 ἄνδρας
1647 2457 2005 2543 τηνικαῦτα
2042 2448 2455 2536 κατελθούσῃ
2503 2450 2736 2538 δωρεᾷ,

421 2569 520 2653 οἶς
564 2568 645 2641 οὐ
687 2569 912 2660 λόγων
955 2573 1174 2661 ἐδέησε
1219 2574 1449 2661 τέχνης
1492 2568 1648 2641 οὐδὲ
1689 2577 1811 2641 τοῦ
1850 2574 2191 2660 ἐριστικῶς
2252 2598 2315 2640 τι
2373 2573 2485 2638 καὶ
2545 2551 2731 2654 φιλο-

422 2695 654 2772 νείκως
719 2694 957 2779 εἰπεῖν,
1027 2687 1197 2760 α’λλὰ
1269 2690 1674 2779 καθαροὺς
1737 2691 2077 2772 ἑαυτοὺς
2140 2696 2230 2778 τῇ
2295 2693 2440 2758 τοῦ
2504 2691 2736 2757 θείου

423 2809 863 2899 πνεύματος
933 2825 1365 2899 παρασχεῖν
1448 2813 1828 2904 ἐνεργείᾳ,
1910 2806 2001 2880 ἵν’
2083 2808 2272 2880 αὐτὸ
2343 2808 2431 2879 τὸ
2514 2817 2740 2877 θεῖον

427 2931 518 3020 ἐξ,
566 2925 906 3018 οὐρανοῦ
958 2928 1239 2999 κατιὸν
1280 2935 1705 3020 πλῆκτρον,
1751 2927 2006 3019 ὥσπερ
2051 2927 2360 3020 ὀργάνῳ
2405 2925 2742 3014 κιθάρας

427 3047 643 3130 τινὸς
691 3046 735 3139 ἢ
792 3047 1031 3140 λύρας
1074 3064 1242 3130 τοῖς
1292 3053 1638 3130 δικαίοις
1698 3048 2032 3138 α’νδράσι
2096 3049 2536 3141 χριόμενον,
2600 3045 2743 3135 τὴν

425 3174 582 3238 τῶν
634 3173 879 3238 θείων
932 3166 1120 3259 ἡμῖν
1185 3173 1317 3237 καὶ
1373 3167 1773 3257 ου’ρανίων
1837 3166 2314 3258 ἀποκαλύψῃ
2372 3169 2732 3258 γνῶσιν.3

426 3298 847 3371 Athenayoras
890 3312 1043 3359 vero
1088 3290 1427 3358 fallacibus
1472 3299 1538 3358 et
1581 3293 1748 3359 inter
1795 3312 1867 3359 se
1911 3292 2349 3378 pugnantibus
2406 3296 2742 3377 poetarum

427 3419 489 3480 et
529 3411 1056 3498 philosophorum
1101 3411 1436 3497 gentilium
1482 3413 1820 3478 sententiis
1865 3412 2233 3480 firmissima
2287 3409 2744 3499 prophetarum

430 3589 447 3598 w
451 3587 836 3598 nom-n-um--oe--ooooun--o

429 3699 534 3756 ἀπὸ
578 3705 690 3757 τῶν
726 3699 955 3758 εἰκὸτων
989 3698 1240 3768 ἐννοιῶν,
1287 3699 1596 3763 συντάξεώς
1646 3723 1706 3758 τε
1750 3706 2110 3775 σοφιστικῆς,
2162 3702 2450 3775 θειοτέρας
2497 3701 2564 3756 δέ
2598 3719 2749 3759 τινος

430 3782 795 3859 ἐκφωνήσεως
843 3785 1031 3861 λόγοις
1067 3789 1531 3863 καταχρωμένων,
1576 3790 1631 3842 οἱ
1663 3786 1984 3862 βουλόμενοι
2030 3786 2359 3864 μανθάνειν
2393 3786 2692 3844 σπεύσατε.

568 3877 587 3915 ¹
645 3878 730 3928 Ad
768 3878 939 3930 Λατοῖ.
975 3875 1046 3944 ΙΙ,
1072 3878 1130 3943 9,
1167 3892 1221 3946 p.
1246 3878 1340 3931 28:
1393 3872 1824 3947 κατηξιώθησαν
1857 3873 1957 3945 τὴν
1992 3873 2361 3949 ἀντιμισθίαν
2409 3871 2613 3944 ταύτην
2647 3876 2736 3929 λα-

434 3963 565 4026 βεῖν,
605 3957 867 4030 ὄργανα
904 3962 1068 4015 θεοῦ
1105 3957 1474 4034 γενόμενοι
1508 3963 1603 4015 καὶ
1640 3957 1998 4033 χωρήσαντες
2034 3964 2248 4032 σοφίαν
2271 3957 2372 4032 τὴν
2397 3953 2550 4033 παρὰ
2584 3962 2741 4023 θεοῦ,

438 4041 507 4097 δι’
541 4036 604 4114 ἧς
635 4047 845 4116 σοφίας
876 4042 1040 4101 εἷπον
1072 4049 1166 4101 καὶ
1200 4044 1268 4102 τὰ
1305 4047 1435 4119 περὶ
1471 4050 1566 4116 τῆς
1607 4050 1839 4107 κτίσεως
1887 4053 1980 4102 τοῦ
2010 4044 2219 4121 κόσμου
2253 4048 2349 4100 καὶ
2384 4039 2497 4100 ἑῶν
2529 4048 2746 4100 λοιπῶν

435 4125 703 4184 ἁπάντων.
778 4130 885 4188 Cfr.
923 4133 1002 4200 ΙΙ,
1034 4136 1125 4199 33,
1174 4149 1227 4202 p.
1259 4134 1384 4187 130:
1444 4129 1552 4187 ὕπὸ
1608 4130 1919 4206 πνεύματος
1974 4130 2137 4204 ἆγίου
2189 4129 2605 4205 διδασκόμεθα,
2655 4135 2749 4185 τοῦ

440 4211 762 4286 λαλήσαντος
805 4213 867 4271 ἐν
911 4224 1025 4278 τοῖς
1069 4215 1253 4290 ἁγίοις
1300 4212 1618 4292 προφήταις
1654 4220 1749 4273 καὶ
1784 4216 1847 4273 τὰ
1888 4215 2071 4274 πάντα
2106 4218 2706 4292 προκαταγγέλλοντος.

566 4303 591 4343 ²
635 4307 722 4358 Aa
759 4309 930 4360 Autoz.
968 4305 1035 4373 11,
1066 4308 1147 4374 10,
1185 4322 1237 4375 p.
1263 4307 1345 4361 82.

567 4390 593 4431 ³
640 4389 759 4447 0072.
794 4396 866 4447 ad
905 4394 997 4453 Gr.
1035 4408 1080 4449 c.
1106 4393 1155 4461 8,
1193 4410 1246 4468 p.
1274 4394 1355 4451 32.
