3264 5076
1604 419 1689 490 87

485 642 636 707 bere
667 690 919 707 ......
988 641 1059 708 Si
1125 648 1191 708 et
1255 649 1644 727 apostolicos,
1712 667 1842 711 non
1907 653 2127 711 tamen
2195 645 2403 730 solos,
2468 641 2585 710 sed
2652 664 2793 709 cum

489 746 801 845 apostolis
868 767 935 827 et
998 782 1119 846 per
1184 765 1515 848 apostolos
1547 815 1561 830 .
1593 814 1608 830 .
1642 815 1707 830 ..
1785 764 2013 831 Fidem
2080 765 2266 831 nobis
2339 785 2417 832 ex
2488 762 2801 849 apostolis

484 880 773 946 Joannes
809 886 876 946 et
896 881 1263 949 Matthaeus
1294 884 1650 968 insinuant,
1684 906 1765 951 ex
1801 886 2173 971 apostolicis
2211 884 2422 949 Lucas
2454 888 2519 949 et
2547 884 2798 948 Marcus

487 999 907 1065 instaurant.“

663 1119 951 1198 Quatuor
997 1123 1345 1206 evangelia
1395 1130 1610 1190 aetate
1656 1125 1890 1191 Justini
1937 1125 2379 1190 auctoritatem
2428 1121 2800 1189 canonicam

491 1245 684 1304 nacta
728 1259 876 1305 csse
921 1240 1341 1307 testificantur
1381 1243 1646 1328 insuper
1697 1244 1760 1331 l)
1810 1252 2240 1322 Fraqmentum
2289 1247 2798 1315 Muratorianum,

490 1379 618 1425 non
694 1360 889 1426 multo
966 1368 1117 1447 post
1178 1363 1278 1427 Pii
1355 1364 1643 1448 episcopi
1723 1364 1996 1430 Romani
2074 1371 2327 1450 tempus
2391 1362 2452 1427 h.
2508 1382 2564 1429 e.
2633 1361 2799 1426 inter

494 1499 697 1546 annos
750 1483 870 1545 160
915 1487 980 1546 et
1031 1485 1149 1545 170
1196 1483 1652 1569 conscriptum,
1709 1484 1880 1567 quod
1923 1483 2120 1550 libros
2175 1484 2347 1550 Novi
2391 1480 2798 1548 Testamenti

496 1600 952 1683 antiquissimis
1017 1603 1408 1687 temporibus
1468 1624 1585 1687 pro
1642 1603 1965 1669 canonicis
2028 1602 2287 1668 habitos
2353 1620 2702 1668 recensens
2760 1620 2802 1664 a

494 1726 763 1803 quatuor
828 1721 1186 1804 evangeliis
1250 1700 1495 1787 initium
1563 1723 1737 1789 facit.
1842 1723 1911 1809 2)
1965 1723 2195 1788 Vei-sio
2260 1723 2532 1809 Syriaca
2595 1727 2800 1798 vetuS,

496 1859 660 1922 quae
705 1841 979 1905 Peschtto
1025 1847 1307 1925 vocatur,
1356 1850 1421 1908 et
1463 1849 1665 1919 Itala,
1704 1863 1972 1926 quarum
2017 1843 2190 1927 prior
2230 1848 2508 1908 exeunte
2540 1839 2800 1905 saeculo

496 1961 807 2045 secundo,
855 1963 1065 2028 altera
1105 1969 1173 2028 ut
1216 1962 1467 2029 videtur
1500 1964 1645 2047 jam
1691 1982 1768 2028 eo
1813 1960 2027 2029 medio
2075 1960 2434 2046 composita
2465 1966 2584 2025 est.
2658 1959 2800 2023 Hae
2882 1949 2890 1954 ’

494 2080 825 2148 versiones
871 2103 1001 2152 non
1056 2088 1235 2149 ortae
1283 2088 1431 2148 sunt
1473 2083 1600 2149 nisi
1625 2082 1960 2149 ‚canonica
2001 2088 2273 2164 quatuor
2318 2078 2800 2164 evangeliorum

498 2201 872 2267 auctoritate
917 2201 1156 2267 dudum
1202 2202 1506 2269 stabilita.
1602 2264 1612 2273 .

667 2322 964 2406 Objicere
1008 2323 1151 2406 quis
1195 2322 1421 2408 possit,
1464 2321 1789 2387 Justinum
1834 2341 1875 2384 a
1916 2319 2209 2404 partibus
2253 2317 2801 2385 Judaeochristia-

497 2462 718 2508 norum
777 2449 977 2528 stare,
1036 2443 1131 2508 ita
1181 2448 1251 2507 ut
1305 2441 1455 2526 quid
1513 2440 1687 2507 aliae
1747 2439 2067 2506 ecclesiae
2121 2438 2204 2505 de
2260 2439 2620 2522 evangeliis
2680 2444 2807 2503 sta-

497 2563 754 2643 tuerint,
812 2583 893 2629 ex
948 2562 1117 2629 illius
1173 2562 1430 2648 scriptis
1484 2562 1791 2643 cognosci
1844 2565 2142 2643 nequeat.
2238 2560 2324 2624 At
2374 2558 2649 2645 primum
2692 2558 2808 2623 im·

498 2682 843 2767 probamus
898 2683 964 2749 id
1024 2681 1194 2767 quod
1252 2680 1479 2748 schola
1534 2682 1968 2765 Tubingensis
2029 2685 2394 2746 commenta
2457 2684 2581 2763 est,
2646 2679 2805 2743 anti-

500 2787 870 2885 quissimam
924 2801 1267 2868 ecclesiam
1322 2801 1544 2869 rudem
1598 2802 2118 2886 indigestamque
2172 2798 2408 2864 molem
2453 2797 2803 2863 factionum

504 2929 567 2987 et
611 2928 929 2989 sectarum
972 2921 1198 3006 fuisse3
1255 2921 1492 2989 deinde
1538 2921 1713 2987 haud
1757 2927 2002 2988 temere
2035 2919 2432 3004 judicamus,
2488 2918 2804 2984 Justinum

498 3042 728 3109 Flavia
787 3042 1069 3126 Neapoli
1127 3047 1377 3128 natum,
1432 3041 1679 3127 Ephesi
1745 3041 2023 3108 sortasse
2089 3037 2504 3105 christianum
2568 3037 2805 3102 factum

502 3160 755 3246 (Eu-reb.
793 3160 857 3227 h.
899 3181 956 3227 e.
981 3160 1088 3245 IV,
1141 3162 1265 3243 18),
1337 3160 1554 3227 Cumis
1616 3158 1792 3246 (θοὴ.
1845 3164 1946 3224 ad.
2008 3165 2109 3224 Gr.
2162 3179 2215 3223 c.
2248 3158 2362 3243 37)
2433 3164 2497 3223 et
2559 3160 2806 3224 Romae

503 3280 698 3366 (Apol.
731 3283 818 3367 II,
847 3279 917 3366 3)
972 3286 1295 3348 versatum
1352 3279 1711 3347 catholicae
1765 3278 2083 3347 ecclesiae
2137 3298 2394 3345 suorum
2446 3282 2803 3363 temporum

499 3421 843 3486 personam
888 3401 1256 3467 sustinere.¹

668 3522 853 3587 Nunc
908 3518 1164 3587 demum
1229 3518 1685 3585 convenienter
1749 3518 2300 3586 commentationis
2352 3522 2614 3582 nostrae
2668 3537 2810 3601 pro-

501 3641 710 3724 posito
770 3641 1194 3707 sciscitamur:
1274 3643 1481 3704 Utrum
1527 3644 1802 3703 Iustinus
1863 3640 2343 3705 memorabilibus
2402 3641 2807 3716 apostolorum

502 3765 951 3840 inspirationem
996 3763 1287 3824 tribuerit.

599 3885 604 3891 ’
671 3880 741 3946 Si
811 3878 1251 3947 demonstrare
1326 3878 1511 3945 nobis
1579 3877 1872 3962 contigit,
1931 3878 2076 3963 jam
2138 3875 2807 3942 Pseudo-Barnabam

508 3999 909 4083 evangelium
980 3997 1295 4065 Matthaei
1365 4004 1429 4063 et
1495 3997 1817 4081 Ignatium
1883 3996 2325 4062 collectionem
2393 3994 2809 4079 scriptionum

505 4118 1018 4201 evangelicarum
1064 4125 1255 4201 atque
1291 4117 1658 4183 universam
1687 4116 1857 4182 illius
1892 4114 2122 4182 aetatis
2159 4113 2501 4180 ecclesiam
2538 4119 2810 4196 quatuor

644 4375 658 4414 ¹
710 4372 815 4430 Csr.
840 4375 1264 4428 Luthardtum
1289 4373 1308 4425 l
1338 4388 1381 4426 e.
1407 4372 1762 4440 p.358-3120.
1797 4373 2320 4424 Rindemannum
2345 4367 2423 4421 Lo
2463 4384 2513 4435 1).
2529 4369 2817 4420 382-305.
