3264 5076
26 816 27 833 μ
26 752 29 795 ,ῩΓ
26 322 29 653 ὴ--ψ.-.
26 202 29 289 ffl.--

1450 428 1457 431 -
1519 378 1558 463 9

368 612 469 674 est
523 606 588 671 in
644 605 1102 691 describendo)
1164 606 1390 671 similis
1444 612 1570 691 est,
1627 605 1929 673 Ezechiel
1982 606 2216 673 rustico
2274 605 2412 694 (qui
2464 626 2686 691 regem

371 731 515 792 raro
562 725 968 811 conspiciens
1021 725 1282 810 singula
1335 727 1602 810 quaevis
1664 725 2088 792 admiratione
2142 725 2344 809 digna
2388 727 2675 811 habet).¹

540 847 644 912 De
684 845 885 920 libris,
931 846 1039 929 qui
1069 851 1378 912 vocantur
1419 853 1681 930 ninam,
1723 845 1935 915 nullos
1980 846 2155 911 locos
2201 846 2385 911 nobis
2420 852 2685 931 praesto

377 984 519 1030 esse
566 963 956 1049 confitemur,
990 985 1026 1031 e
1059 966 1286 1049 quibus
1334 965 1505 1031 clare
1551 965 1823 1049 intelligi
1866 967 2091 1051 possit,
2139 985 2248 1030 cur
2279 970 2345 1030 et
2372 972 2686 1048 quatenus

379 1083 423 1148 ii
455 1082 726 1149 Judaeis
763 1084 990 1149 fuerint
1017 1081 1362 1170 γράμματα
1388 1086 1659 1162 δικαίως
1687 1092 1840 1150 θεῖα
1870 1084 2362 1169 πεπιστευμένα.
2424 1084 2565 1149 Hoc
2594 1090 2687 1149 ta-

373 1224 518 1269 men
545 1202 846 1269 affirmari
873 1224 1070 1289 posse
1103 1204 1504 1289 arbitramur,
1541 1209 1991 1284 Haqioqrapha
2023 1202 2197 1289 apud
2225 1202 2512 1270 Judaeos
2558 1225 2689 1270 non

370 1328 615 1388 tantum
660 1324 945 1391 valuisse
1000 1331 1304 1407 quantum
1365 1322 1529 1390 duas
1584 1325 1835 1410 priores
1884 1323 2145 1389 canonis
2190 1325 2433 1407 partes.
2518 1324 2687 1389 Nam

369 1442 489 1508 loci
542 1441 801 1509 'Phorae
858 1456 925 1509 et
975 1441 1442 1529 Prophetarum
1511 1445 1828 1511 communi
1899 1443 2174 1508 formula
2228 1454 2474 1510 'mmm’
2532 1455 2684 1520 ΜΞ,

373 1581 454 1627 ex
482 1561 967 1648 Hagiographis
997 1563 1308 1648 peculiari
1341 1563 1615 1630 formula
1667 1572 1880 1631 :wi-iz:
1932 1562 2301 1647 afferuntur,
2343 1561 2513 1628 unde
2555 1580 2685 1626 me·

369 1681 487 1746 rito
533 1680 987 1767 concludimus,
1031 1664 1511 1770 Hagiographis
1559 1704 1691 1750 non
1736 1682 2012 1749 eundem
2056 1681 2366 1748 honorem
2415 1700 2492 1747 ac
2536 1682 2686 1746 Pro-

370 1799 603 1887 phetis,
647 1822 730 1869 ne
776 1801 987 1867 dicam
1033 1801 1294 1869 Therae
1342 1803 1618 1870 attribui.
1690 1802 1944 1868 Mediae
1970 1813 2156 1886 'quae
2201 1808 2467 1868 vocatur
2509 1805 2686 1878 aeta-

371 1920 455 1986 tis
506 1921 898 1988 Judaeorum
952 1921 1284 2007 theologia
1335 1933 1552 1990 numm
1600 1928 1667 1988 et
1709 1932 1951 1988 ωτι-ιτ.)
1992 1921 2189 1987 variis
2243 1919 2686 2006 inspirationis

371 2039 676 2124 gradibus
732 2040 1043 2108 addicens
1095 2042 1241 2107 illos
1293 2041 1491 2153 libros
1546 2050 1809 2109 ’ΠΜΞΞΠ
1843 2049 2050 2126 mna,
2102 2039 2222 2104 hos
2267 2048 2474 2135 ’ω’-[ΡΠ
2507 2049 2686 2106 mn:

372 2160 640 2244 scriptos
686 2180 834 2227 esse
881 2160 1210 2226 docebat.²
1301 2160 1508 2239 Quam
1547 2159 1800 2243 quidem
1839 2159 2314 2225 distinctionem
2360 2177 2417 2222 a.
2446 2156 2691 2224 theolo-

373 2279 470 2360 gis
491 2282 532 2342 J
536 2278 884 2345 udaeorum
909 2268 1328 2364 scholasticis,
1361 2279 1675 2367 imprimis
1699 2299 1741 2344 a
1762 2284 2128 2344 Maimonide
2149 2277 2360 2365 (mort.
2374 2296 2473 2343 ao.
2493 2274 2702 2361 1204)⁷

378 2403 443 2463 et
483 2404 707 2465 Isaaco
755 2403 1158 2465 Abravanelio
1210 2399 1431 2486 (mort.
1472 2420 1574 2465 ao.
1621 2396 1845 2484 1508),
1896 2400 2216 2466 excultam
2276 2397 2427 2464 huic
2498 2417 2688 2481 quam

373 2516 551 2583 nunc=
594 2524 942 2587 tractamus
1001 2521 1202 2587 aetati
1241 2520 1386 2605 jam
1438 2518 1792 2585 innotuisse
1847 2519 2126 2604 probare
2170 2538 2299 2584 non
2343 2536 2683 2604 possumus

376 2645 439 2705 et
481 2646 828 2725 propterea
872 2641 1080 2708 evinci
1122 2641 1363 2725 nequit,
1412 2652 1654 2709 wanti:
1699 2640 1870 2706 idem
1916 2658 2064 2705 esse
2109 2659 2187 2705 ac
2226 2646 2402 2707 mn:
2446 2645 2687 2705 mnan:

377 2768 582 2857 ‘ampl-1
642 2759 727 2824 At
754 2780 884 2825 non
914 2777 1253 2844 possumus
1285 2782 1415 2826 non
1453 2758 1829 2845 concedere,
1873 2759 2051 2823 illam
2097 2758 2303 2843 ipsam
2336 2756 2683 2823 distinctio·

375 2896 521 2942 nem
577 2876 1059 2946 fundamentum
1113 2885 1443 2963 tamquam
1497 2880 1760 2945 tacitum
1806 2877 2171 2965 partitionis
2227 2876 2496 2942 canonis
2546 2894 2691 2941 esse

377 3003 441 3062 et
485 2996 907 3063 scholasticos
953 2999 1207 3064 nonnisi
1251 2998 1490 3065 diserte
1547 3000 1969 3084 explicuisse,
2026 2994 2197 3081 quod
2243 2997 2389 3080 jam
2434 3001 2690 3062 veteres

382 3115 448 3180 in
493 3124 708 3183 mente
754 3117 1132 3184 habuerant.

542 3238 649 3309 Ex
677 3237 796 3322 his,
840 3257 1007 3320 quae
1054 3236 1246 3302 modo
1281 3237 1675 3321 protulimus,
1724 3237 2108 3303 sententiam
2139 3234 2538 3312 Judaeorum
2570 3235 2689 3300 tal-

377 3356 765 3423 mudicorum
813 3357 896 3423 de
938 3356 1241 3423 librorum
1289 3375 1612 3422 sacrorum
1660 3357 2079 3442 inspiratione
2125 3341 2294 3421 hanc
2339 3354 2539 3421 fuisse
2569 3353 2692 3419 col-

371 3473 653 3559 ligimus:
699 3476 983 3544 Primum
1016 3473 1276 3542 Therae
1307 3475 1623 3560 originem
1653 3495 1830 3542 mere
1858 3483 1923 3542 et
1953 3475 2350 3542 strictissime
2399 3471 2688 3539 divinam

375 3613 544 3680 esse,
594 3595 690 3660 ita
760 3602 829 3661 ut
881 3602 991 3661 aut
1047 3615 1090 3660 a
1142 3598 1284 3661 Deo
1340 3595 1481 3679 ipso
1546 3596 1789 3680 scripta
1845 3602 1955 3660 aut
2010 3595 2176 3661 Mosi
2237 3595 2304 3659 in
2371 3595 2690 3660 calamum

378 3713 619 3779 dictata
662 3713 880 3799 fuerit3
926 3711 1161 3779 deinde
1190 3712 1540 3799 prophetas
1584 3735 1717 3780 non
1760 3714 1854 3779 ita
1897 3735 1938 3779 a
1980 3715 2208 3800 spiritu
2235 3713 2453 3780 divino
2490 3712 2687 3779 fuisse

380 3852 740 3920 oppressos,
783 3841 853 3900 ut
885 3853 1167 3919 persona
1202 3854 1421 3901 eorum
1465 3834 1665 3918 plane
1704 3835 1892 3918 quasi
1938 3838 2359 3900 evanesceret
2403 3840 2468 3899 et
2494 3833 2690 3917 Spiri-

383 3955 479 4015 tus
540 3973 658 4037 per
716 3973 829 4020 eos
891 3959 1219 4037 tamquam
1288 3952 1715 4019 instrumenta
1778 3953 2026 4020 ratione
2091 3953 2380 4018 carentia
2437 3951 2688 4019 locutus

516 4157 536 4196 1
592 4155 729 4212 Vide
772 4155 881 4212 alia
917 4155 1165 4224 exempla
1210 4154 1358 4224 apud
1403 4158 1854 4228 Hamburyeru
1867 4175 1941 4224 m,
1989 4158 2551 4229 Real-Encyczopcidie
2581 4156 2691 4225 sur

383 4241 530 4294 Bibez
563 4246 670 4297 und
713 4244 962 4316 Talmuch
1000 4241 1092 4309 IV,
1130 4258 1185 4310 p.
1210 4242 1329 4296 857.

519 4327 542 4366 ²
599 4325 703 4381 Gfr.
727 4329 1150 4397 Sonntayium
1186 4326 1224 4381 l.
1246 4342 1377 4396 c.„p.
1405 4328 1505 4381 119
1527 4342 1643 4397 sqq.
1703 4331 2225 4388 Rudelbacln‘um
2259 4328 2298 4385 l.
2320 4344 2365 4382 e.
2399 4344 2453 4395 p.
2480 4331 2544 4380 57
2572 4342 2688 4398 sqq.
