3264 5076
1638 393 1722 468 37

513 620 892 701 sententias,
947 639 1109 706 quas
1165 621 1233 686 iu
1280 619 1536 706 scriptis
1581 627 1837 708 patrum
1886 620 2384 707 apostolicorum
2430 581 2822 688 desiderari-

512 763 678 827 mus,
743 741 850 808 hic
907 741 1094 808 nobis
1163 760 1517 807 occurrere.
1628 741 1779 825 Una
1852 746 1918 807 et
1970 741 2266 826 proxima
2321 739 2578 826 quidem
2634 740 2822 824 hujus

511 880 893 948 progressus
949 879 1152 927 causa
1204 866 1305 926 est
1361 860 1505 926 finis
1566 860 1871 927 librorum
1921 859 2174 927 illorum
2229 861 2699 947 apologeticae,
2753 867 2822 926 at

427 969 433 973 ⁸
514 1001 641 1047 non
697 980 905 1047 unica.
1001 981 1137 1046 Imo
1182 978 1718 1046 considerandum
1763 987 1890 1065 est,
1949 979 2140 1046 fidem
2197 1000 2387 1065 quam
2435 978 2822 1066 apologetae

514 1101 883 1187 Scripturae
936 1097 1181 1165 habent
1233 1119 1362 1165 non
1419 1099 1638 1166 aliena
1681 1099 2088 1185 auctoritate,
2144 1100 2262 1166 sed
2317 1099 2600 1186 ipsorum
2645 1098 2827 1185 spiri-

511 1220 668 1284 tuali
723 1218 1131 1304 experientia
1183 1198 1407 1284 nixam
1461 1238 1630 1285 esse.
1728 1224 2003 1284 Iustinus
2053 1224 2300 1299 Martyr
2340 1218 2519 1284 initio
2565 1218 2828 1301 Dialogi

513 1359 651 1404 cum
696 1336 1048 1425 Tryphone
1089 1337 1344 1405 ‚Iudaeo
1393 1336 1477 1422 (c.
1514 1340 1576 1404 11
1615 1338 1785 1423 sqq.)
1838 1338 1923 1404 ad
1969 1338 2363 1425 superiorem
2414 1338 2618 1424 ipsius
2656 1344 2829 1404 aeta·

509 1466 636 1524 tem
688 1458 1048 1543 respiciens
1107 1463 1332 1523 narrat
1353 1460 1410 1543 ¹,
1474 1477 1621 1524 sese
1684 1456 1945 1525 scholas
2001 1457 2385 1544 Stoicorum,
2452 1457 2828 1545 Peripateti·

515 1598 760 1663 corum,
809 1575 1392 1665 Pythagoreorum,
1437 1584 1768 1663 postremo
1806 1578 2281 1645 Platonicorum
2326 1579 2623 1663 integrae
2667 1577 2830 1643 veri-

507 1699 656 1763 tatis
724 1694 1207 1784 cupidissimum
1270 1698 1539 1783 adiisse,
1608 1698 1730 1764 sed
1798 1697 1879 1764 de
1934 1717 2017 1764 ea
2075 1696 2472 1765 invenienda
2525 1695 2829 1782 despera-

512 1824 715 1883 turum
761 1815 990 1899 fuisse,
1044 1819 1170 1885 nisi
1224 1818 1615 1885 venerabilis
1671 1818 1781 1884 ille
1837 1837 2041 1884 senex
2092 1817 2219 1903 ipsi
2272 1818 2493 1902 procul
2548 1837 2590 1882 a
2642 1815 2831 1881 turba

513 1935 840 2003 hominum
886 1936 971 2002 ad
1018 1938 1371 2005 solitarium
1417 1938 1613 2004 maris
1669 1938 1818 2003 litus
1873 1937 2288 2021 quaestiones
2341 1934 2829 2022 philosophicas
2897 1948 2902 1953 ·

515 2055 870 2142 pensitanti
921 2055 1275 2143 prophetas
1335 2057 1587 2124 Veteris
1642 2057 2047 2124 Testamenti
2099 2056 2492 2124 ostendisset
2549 2061 2614 2122 et
2667 2054 2833 2121 desi-

516 2174 762 2244 derium
806 2176 1006 2242 animi
1051 2177 1151 2242 sui
1196 2176 1613 2263 explevisset.
1697 2176 1951 2244 Similia
1993 2176 2192 2243 etiam
2227 2182 2518 2242 Tatianus
2546 2182 2612 2242 et
2644 2180 2832 2240 Theo-

502 2300 713 2375 philus
738 2295 821 2363 de
847 2316 920 2363 se
951 2295 1233 2363 referunt
1258 2297 1310 2382 2,
1355 2301 1420 2362 et
1453 2316 1680 2363 omnes
1712 2296 1971 2362 omnino
2006 2295 2389 2382 apologetas
2421 2293 2650 2363 eadem
2697 2294 2830 2361 sere

514 2415 623 2482 via
676 2413 761 2482 ad
806 2416 1096 2482 veritatis
1153 2414 1262 2480 diu
1311 2414 1547 2482 frustra
1591 2416 1922 2502 appetitae
1979 2416 2411 2499 cognitionem
2458 2415 2832 2503 pervenisse

517 2534 666 2616 inde
710 2536 938 2604 merito
985 2534 1406 2622 concluditur,
1459 2536 1630 2621 quod
1677 2557 1899 2604 omnes
1944 2535 2308 2622 sapientiae
2351 2536 2610 2622 gentilis
2653 2556 2835 2602 accu-

519 2663 725 2723 ratam
768 2656 1064 2723 notitiam
1108 2656 1368 2722 habent.
1446 2655 1614 2735 Quid
1661 2676 1814 2740 ergo
1858 2658 2104 2744 mirum,
2148 2656 2318 2741 quod
2353 2656 2638 2725 divinam
2670 2656 2836 2724 Scri-

522 2784 747 2862 pturae
806 2775 1119 2860 originem
1172 2796 1303 2842 non
1348 2775 1554 2842 solum
1597 2775 1726 2843 fide
1772 2782 2015 2863 tenent,
2059 2775 2177 2845 sed
2221 2778 2414 2844 etiam
2443 2775 2616 2843 hanc
2642 2775 2836 2843 fidem

526 2896 918 2981 argumentis
962 2895 1227 2962 fulciunt
1271 2901 1338 2962 et
1382 2894 1776 2982 Scripturam
1821 2903 2148 2981 tamquam
2191 2895 2594 2963 infallibilem
2640 2896 2834 2961 totius

526 3016 815 3082 veritatis
860 3017 1104 3084 fontem
1146 3016 1480 3101 omnisque
1514 3016 1907 3084 certitudinis
1948 3016 2430 3084 fundamentum
2462 3022 2648 3102 grato
2678 3034 2837 3099 erga

525 3136 734 3202 Deum
778 3136 995 3203 animo
1039 3144 1262 3204 contra
1304 3136 1582 3220 gentiles
1627 3136 2058 3204 defendunt?³

662 3412 679 3453 ¹
725 3410 874 3466 Nihil
909 3426 1007 3466 nos
1045 3410 1202 3479 cogit,
1240 3416 1301 3464 ut
1335 3426 1454 3465 cum
1493 3411 1812 3467 Orednero
1847 3413 2114 3481 (Beitrciye
2137 3410 2181 3474 I,
2217 3426 2270 3479 p.
2295 3413 2384 3475 95)
2409 3409 2550 3464 hanc
2574 3408 2835 3464 narratio-

526 3512 648 3551 nem
682 3512 783 3567 pro
819 3496 1191 3552 commenticia
1224 3494 1536 3552 habeamus.
1585 3495 1693 3551 Cfr.
1715 3497 2136 3552 Semischium
2169 3496 2205 3550 l.
2233 3511 2278 3552 c.
2316 3495 2358 3563 Ι,
2395 3511 2448 3564 p.
2480 3499 2541 3548 15
2566 3511 2683 3564 sqq.

668 3586 692 3627 2
744 3585 923 3639 Oratio
959 3587 1032 3636 ad
1060 3582 1151 3637 Gr.
1192 3597 1236 3637 e.
1263 3583 1346 3637 28.
1370 3583 1456 3650 29,
1493 3599 1548 3653 p.
1579 3584 1672 3637 112
1698 3596 1814 3650 sqq.
1866 3586 1953 3637 Ad
1978 3587 2146 3638 Autol.
2175 3581 2219 3650 I,
2250 3584 2328 3649 14,
2365 3597 2417 3650 p.
2443 3583 2536 3635 42:
2577 3581 2637 3633 K
2636 3581 2695 3632 αἱ
2730 3576 2842 3652 γὰρ

534 3665 644 3740 ἐγώ
679 3667 950 3740 ἠπίστουν
971 3670 1125 3721 τοῦτο
1161 3670 1257 3734 (sc.
1284 3663 1593 3721 ἀνάστασιν
1630 3669 1867 3738 νεκρῶν)
1900 3663 2157 3731 ἔσεσθαι,
2195 3664 2332 3721 ἀλλὰ
2369 3669 2472 3720 νῖν
2493 3660 2840 3739 κατανοήσας

485 3745 489 3750 ’
534 3752 664 3808 αὐτὸ
713 3750 980 3816 πιστεύω,
1036 3752 1169 3827 ἅμα
1221 3754 1336 3806 καὶ
1391 3747 1736 3824 ἐπιτυχὼν
1790 3751 2019 3823 ἱεραῖς
2064 3756 2378 3823 γραφαῖς
2432 3753 2563 3806 τῶν
2617 3750 2836 3823 ἁγίων

534 3859 574 3894 π
587 3859 620 3914 ρ
637 3860 666 3893 ο
681 3859 728 3911 φ
740 3857 772 3911 η
786 3858 816 3893 τ
828 3842 871 3893 ὦ
883 3857 933 3894 ν.

667 3926 694 3968 8
740 3924 1085 3993 Quantopere
1108 3923 1176 3978 de
1199 3924 1445 3980 veritatis
1471 3923 1822 3979 fundamento
1857 3923 2179 3993 apologetae
2217 3928 2273 3978 et
2307 3928 2493 3993 patres
2528 3923 2843 3993 posterioris

529 4011 721 4066 aetatis
765 4011 908 4065 inter
940 4025 1001 4065 se
1047 4009 1366 4065 dissentiant
1381 4050 1396 4079 ‚
1449 4011 1717 4065 neminem
1764 4011 1914 4066 latet.
1984 4010 2033 4063 J
2034 4012 2293 4064 ustinus
2336 4008 2489 4063 dicit:
2558 4007 2682 4062 Τίνι
2727 4005 2840 4082 γὰρ

535 4095 605 4149 ἄν
626 4092 772 4170 λόγῳ
794 4091 1078 4169 ἀνθρώπῳ
1113 4096 1496 4167 σταυρωθέντι
1531 4091 1904 4170 §neceam-⁹«,
1946 4094 2026 4149 ὅτι
2063 4092 2407 4164 πρωτότοκος
2444 4100 2521 4169 τῷ
2556 4090 2843 4167 ἄγεννήτῳ

532 4184 646 4235 θεῶ
681 4178 798 4235 ἐστὶ
832 4182 927 4235 καὶ
966 4178 1128 4240 αὐτὸς
1163 4177 1266 4252 τὴν
1300 4184 1489 4256 κρίσιν
1519 4185 1614 4236 τοῦ
1653 4178 1863 4241 παντὸς
1901 4180 2260 4253 ἀνθρωπείου
2299 4179 2494 4250 γένους
2533 4175 2843 4249 ποιήσεται,

532 4265 592 4320 εἰ
635 4263 722 4339 μὴ
767 4262 1147 4340 μαρτύρια,
1195 4269 1364 4338 πρὶν
1399 4264 1431 4339 ἢ
1470 4262 1720 4321 ἐλθεῖν
1762 4262 1970 4321 αὐτὸν
2014 4266 2395 4336 ἄνθρωπον
2441 4261 2841 4335 γενόμενον,

534 4351 1016 4426 κεκηρυγμένα
1065 4354 1235 4424 περὶ
1278 4351 1484 4407 αὐτοῦ
1531 4352 1833 4425 εὕρομεν
1875 4352 1990 4406 καὶ
2038 4350 2248 4409 οὕτως
2289 4347 2633 4421 γενόμενα
2682 4347 2848 4418 ὀρῶ-
