3264 5076
1671 357 1775 435 39

1573 454 1880 462 -u—-ffl

571 586 845 653 monium
902 605 1052 654 esse
1119 586 1574 669 cogitationum
1640 585 2106 671 harmoniam1,
2171 594 2336 672 quae
2391 586 2650 673 quidem
2706 588 2879 676 apud

570 705 819 775 Veteris
847 706 1253 777 Testamenti
1288 707 1640 792 scriptores
1672 707 2030 790 reperiatur
2057 708 2283 775 mirum
2309 708 2378 773 in
2410 707 2686 777 modum.
2746 709 2881 777 Hos

567 824 749 909 quasi
778 846 905 891 uno
937 845 1048 893 ore
1088 826 1436 909 linguaque
1455 845 1586 890 una
1615 823 1698 890 de
1716 827 1878 908 De0‚
1909 824 1992 893 de
2022 826 2243 893 mundi
2275 828 2539 914 origine,
2570 826 2652 896 de
2683 827 2883 895 homi-

566 944 664 1011 nis
694 945 1036 1030 creatione,
1065 943 1148 1013 de
1183 945 1442 1012 animae
1473 943 1797 1013 humanae
1827 945 2334 1031 immortalitate,
2380 945 2461 1013 de
2498 946 2704 1015 futuro
2734 954 2883 1032 post

567 1061 733 1130 hane
777 1065 977 1131 vitam
1009 1063 1279 1148 judicio,
1320 1062 1403 1131 de
1452 1065 1741 1131 omnibus
1786 1065 1999 1150 rebuS,
2056 1086 2322 1149 quarum
2370 1067 2647 1151 cognitio
2673 1066 2878 1135 vnobiti}

564 1168 938 1249 necessaria
967 1183 1072 1267 sit,
1097 1158 1349 1249 summa
1378 1203 1593 1249 seeum
1630 1183 1792 1267 ipsis
1826 1184 2188 1250 constantia
2218 1191 2284 1251 et
2309 1185 2478 1251 inter
2510 1206 2581 1252 se
2612 1207 2879 1253 eonsen-

564 1301 745 1369 sione
791 1302 1036 1371 locutos
1083 1322 1260 1388 esse,
1318 1301 1513 1387 idque
1568 1276 2116 1387 quamvis'variis
2171 1303 2329 1370 loeis
2379 1311 2443 1371 et
2484 1308 2876 1391 temporibus

565 1421 847 1517 divinam
893 1422 1080 1489 nobis
1124 1422 1482 1490 doctrinam
1527 1421 1966 1489 tradiderint.²
2045 1423 2256 1507 Atque
2297 1424 2465 1490 hane
2511 1425 2879 1511 Scripturae

569 1561 793 1609 sacrae
837 1541 1241 1609 harmoniam
1287 1543 1576 1610 Justinus
1621 1548 1963 1627 tantopere
2007 1548 2221 1626 urget,
2281 1550 2350 1608 ut
2393 1543 2728 1630 Tryphoni
2770 1546 2882 1612 Ju-

566 1659 729 1729 daeo
775 1667 1060 1747 testetur,
1110 1661 1507 1748 scripturam
1553 1681 1769 1727 seeum
1814 1681 2106 1746 pugnare
2151 1682 2477 1745 nunquam
2520 1665 2626 1730 vel
2672 1666 2880 1731 eonci—

569 1802 723 1868 pere
741 1784 849 1849 vel
879 1780 1094 1849 dicere
1129 1803 1431 1847 ausurum
1458 1800 1530 1849 se
1562 1801 1730 1866 esse,
1765 1758 1883 1848 sed
1917 1781 1973 1847 si
2005 1781 2146 1866 quis
2176 1789 2573 1867 proponatur
2601 1783 2879 1869 Scriptu-

570 1922 682 1969 rae
725 1902 933 1986 loeus,
979 1901 1087 1985 qui
1136 1900 1323 1966 alteri
1369 1900 1724 1967 contrarius
1774 1919 1922 1968 esse
1961 1899 2276 1984 videatur,
2335 1921 2407 1967 se
2451 1903 2883 1969 confessurum

569 2022 776 2107 potius
840 2041 1017 2105 esse,
1074 2020 1281 2107 ipsum
1335 2040 1466 2086 non
1520 2019 1882 2104 intelligere
1938 2038 2105 2102 quae
2152 2017 2473 2104 dicantur,
2521 2028 2586 2088 et
2628 2023 2727 2109 iis,
2772 2023 2881 2108 qui

573 2142 965 2228 Scripturam
1014 2160 1231 2207 seeum
1280 2159 1572 2225 pugnare
1618 2139 2039 2225 suspieentur,
2083 2146 2153 2206 ut
2190 2139 2362 2205 idem
2392 2161 2531 2206 eum
2562 2142 2706 2228 ipso
2737 2163 2882 2209 sen·

572 2263 751 2347 tiant,
793 2260 1189 2348 persuadere
1222 2266 1591 2326 conaturum
1625 2261 1831 2328 esse.3
1894 2260 2039 2339 Qua
2072 2279 2154 2324 ex
2189 2257 2573 2326 admiranda
2605 2262 2883 2348 Scriptu-

572 2402 684 2449 rae
729 2401 957 2449 sacrae
999 2379 1342 2448 harmonia
1386 2379 1771 2446 concludunt
1816 2380 2224 2465 apologetae,
2268 2381 2619 2466 prophetas
2662 2401 2883 2449 veram

571 2503 696 2570 Dei
740 2500 1173 2588 cognitionem
1219 2499 1460 2567 habere
1505 2504 1727 2586 utpote
1773 2497 2076 2567 divinitus
2123 2499 2432 2568 afflatos.⁴

710 2690 732 2731 1
777 2692 928 2759 Apol.
956 2687 998 2755 Ι,
1025 2689 1111 2754 44,
1149 2703 1200 2756 p.
1226 2688 1342 2742 224.
1369 2689 1497 2740 226:
1539 2684 1704 2759 Παρὰ
1732 2689 1872 2740 πᾶσι
1897 2685 2188 2761 σπέρματα
2215 2685 2482 2757 ἀληθείας
2517 2687 2680 2741 δοκεῖ
2708 2683 2882 2742 εἶναι·

581 2770 906 2847 ἐλέγχονται
944 2770 1007 2827 δὲ
1039 2769 1115 2846 μὴ
1144 2768 1379 2844 ἀκριβῶς
1415 2767 1733 2844 νοήσαντες,
1772 2771 1905 2826 ὅταν
1927 2767 2154 2828 ἐναντία
2191 2770 2344 2827 αὐτοὶ
2380 2770 2884 2847 ἑαυτοῖςλέγωσιν.

709 2861 735 2903 2
784 2860 904 2916 0072.
940 2863 1014 2914 ad
1053 2860 1147 2915 Gr.
1185 2874 1231 2914 e.
1256 2861 1306 2927 8,
1343 2874 1397 2928 p.
1423 2861 1514 2911 32:
1568 2856 1755 2930 ὥσπερ
1793 2853 1853 2915 ἐξ
1887 2855 2013 2918 ἑνὸς
2049 2855 2317 2931 στὸματος
2349 2859 2443 2912 καὶ
2477 2862 2614 2929 μιᾶς
2649 2856 2889 2930 γλώττης

572 2948 666 3001 καὶ
704 2946 836 3015 περὶ
873 2946 1013 2997 θεοῦ
1049 2945 1144 2998 καὶ
1182 2945 1312 3017 περὶ
1347 2938 1554 3015 κίσμου
1596 2945 1827 3003 κτίσεως
1861 2944 1956 2997 καὶ
1994 2945 2124 3014 περὶ
2162 2941 2417 3004 πλάσεως
2451 2940 2755 3013 ἀνθρώπου
2789 2947 2886 2999 καὶ

569 3033 700 3103 περὶ
735 3027 1103 3102 ἀνθρωπίνης
1141 3032 1327 3099 ψυχῆς
1370 3023 1685 3087 ἀθανασίας
1719 3030 1815 3083 καὶ
1848 3034 1942 3099 τῆς
1978 3049 2116 3090 μετα
2149 3027 2250 3084 τὸν
2282 3032 2408 3100 βίον
2437 3032 2633 3084 τοίτον
2663 3026 2888 3103 μελλοὺ·

574 3136 673 3188 σης
706 3114 944 3170 ἔσεσθαι
989 3116 1226 3183 κρίσεως
1264 3115 1361 3168 καὶ
1409 3114 1538 3184 περὶ
1581 3110 1809 3167 πάντων
1848 3107 1923 3168 ὧν
1961 3112 2272 3185 ἀναγκαῖον
2304 3113 2444 3187 ἡμῖν
2478 3111 2635 3169 ἐστιν
2670 3115 2886 3170 εἰδέναι

571 3199 887 3260 ἀκολούθως
930 3201 1026 3255 καὶ
1063 3195 1380 3273 συμφώνως
1415 3196 1670 3270 ἀλλήλοις
1704 3195 1973 3259 ἐδίδαξαν
2011 3199 2181 3273 ἡμᾶς,
2228 3202 2324 3255 καί
2370 3203 2538 3255 ταῦτα
2588 3197 2655 3255 ἐν
2689 3200 2888 3272 διαφό-

579 3307 695 3359 ροις
729 3283 920 3346 τόποις
953 3304 1013 3341 τε
1047 3286 1141 3339 καὶ
1178 3285 1408 3356 χρόνοις
1442 3282 1543 3356 τὴν
1581 3288 1752 3339 θείαν
1786 3283 1922 3358 ἡμῖν
1959 3287 2332 3341 διδασκαλίαν
2367 3287 2793 3358 παρεσχηκότες.
2818 3318 2885 3328 -—

573 3379 658 3430 Ad
693 3377 865 3430 Autol.
887 3372 957 3441 11,
987 3376 1035 3439 9,
1073 3389 1129 3441 p.
1155 3374 1243 3425 78:
1285 3372 1400 3424 Καὶ
1433 3368 1537 3441 οὔχ
1571 3369 1655 3431 εἰς
1689 3369 1721 3441 ἢ
1760 3369 1858 3425 δῦο
1896 3368 2035 3425 ἀλλὰ
2070 3374 2326 3431 πλείονες
2358 3370 2499 3427 κατὰ
2534 3371 2771 3444 χρόνους
2791 3375 2887 3428 καὶ

571 3457 799 3531 καιροὺς
840 3451 1202 3529 ἐγενήθησαν
1243 3453 1398 3528 παρὰ
1439 3454 1752 3527 Ἑβραίοις,
1800 3454 1935 3511 ἀλλὰ
1979 3458 2074 3511 καὶ
2118 3456 2273 3531 παρὰ
2316 3459 2584 3528 ’Έλλησιν
2622 3457 2885 3529 Σίβυλλα·

570 3546 664 3599 καὶ
711 3541 914 3603 πάντες
958 3545 1100 3615 φίλα
1145 3538 1396 3613 ἀλλήλοις
1442 3544 1540 3596 καὶ
1585 3540 1864 3615 σύμφωνα
1911 3537 2218 3614 εἰρήκασιν.
2286 3544 2368 3612 11,
2401 3546 2484 3612 35,
2523 3562 2576 3614 p.
2611 3547 2728 3599 162:
2769 3546 2888 3599 Καὶ

571 3634 623 3685 τί
663 3650 762 3703 μοι
805 3625 868 3683 τὸ
912 3631 1128 3701 πλῆθος
1169 3628 1502 3699 καταλέγειν
1547 3632 1660 3683 τῶν
1706 3629 2035 3701 προφητῶν,
2084 3630 2301 3683 πολλῶν
2345 3627 2523 3683 ὄντων
2565 3632 2660 3684 καὶ
2708 3632 2883 3704 μυρία

575 3718 713 3786 φίλα
747 3716 843 3769 καὶ
877 3711 1161 3789 σύμφωνα
1198 3711 1515 3785 εἰρηκότων.

704 3803 730 3844 ³
772 3804 919 3858 Diaz.
947 3821 988 3855 c.
1027 3804 1114 3857 Tr.
1155 3817 1198 3856 e.
1229 3804 1310 3868 65,
1349 3817 1403 3869 p.
1431 3802 1560 3855 218:
1606 3797 1678 3854 Οὐ
1712 3795 1962 3872 τολμήσω
1993 3795 2156 3854 ,τοῦτό
2191 3800 2308 3866 (Sel.
2336 3796 2595 3860 ἐναντίας
2618 3796 2766 3855 εἶναι
2790 3798 2888 3862 τὰς

573 3884 799 3960 γραφὰς
843 3884 1123 3957 ἀλλήλαις)
1171 3905 1303 3941 ποτε
1348 3884 1380 3956 ἢ
1435 3881 1830 3957 ἐνθυμηθῆναι
1878 3882 1908 3955 ἢ
1958 3884 2165 3940 εἰπεῖν·
2225 3883 2341 3939 ἀλλ’
2389 3881 2488 3939 ἐὰν
2536 3884 2757 3957 τοιαύτη
2808 3906 2892 3947 τις

575 3973 808 4029 δοκοῦσα
852 3967 1001 4028 εἶναι
1047 3971 1242 4045 γραφὴ
1293 3973 1583 4046 προβληθῇ
1629 3972 1731 4043 καὶ,
1759 3967 2056 4040 πρὸφασιν
2092 3969 2193 4044 ἔχῃ
2233 3969 2304 4030 ὥς
2342 3967 2573 4025 ἐναντία
2609 3960 2774 4041 οἶσα,
2828 3969 2890 4027 ἐκ

574 4053 778 4118 παντὸς
814 4058 1207 4132 πεπεισμένος,
1246 4057 1327 4112 ὅτι
1353 4055 1589 4130 οὐδεμία
1624 4055 1821 4128 γραφὴ
1859 4060 1924 4132 τῇ
1960 4055 2123 4130 ἑτέρᾳ
2153 4053 2379 4111 ἐναντία
2419 4053 2589 4123 ἐστὶν,
2628 4055 2789 4118 αὐτὸς
2808 4055 2885 4130 μὴ

583 4148 732 4198 νοεῒν
765 4146 978 4218 μᾶλλον
1015 4137 1336 4217 ὁμολογήσω
1373 4138 1439 4196 τὰ
1476 4142 1743 4215 εἰρημένα
1778 4144 1876 4197 καὶ
1912 4138 2034 4202 τοὺς
2069 4137 2324 4202 ἐναντίας
2361 4141 2458 4203 τὰς
2493 4145 2724 4215 γραφὰς
2757 4139 2889 4197 ὕπο·

577 4226 952 4303 λαμβάνοντας
988 4225 1048 4283 τὸ
1088 4224 1223 4283 αὐτὸ
1258 4232 1501 4299 φρονεῖν
1534 4229 1750 4301 μᾶλλον
1784 4223 1909 4302 ἐμοὶ
1944 4232 2140 4282 πεῖσαι
2177 4225 2545 4301 ἄγωνίσομαι.

702 4318 726 4358 ⁴²
777 4317 892 4372 0072.
930 4319 1003 4371 ad
1043 4316 1136 4372 Gr.
1174 4331 1218 4371 ο.
1245 4315 1302 4382 8,
1353 4331 1407 4383 p.
1436 4316 1534 4369 32:
1590 4311 1724 4367 Οὔτε
1772 4310 1884 4387 γὰρ
1934 4309 2110 4384 φύσει
2160 4311 2268 4367 οὔτ’
2309 4311 2645 4385 ἀνθρωπίνῃ
2695 4308 2890 4386 ἐννοίᾳ
