3264 5076
1489 416 1796 515 ..fem

469 646 763 708 καλεῖται
817 642 928 707 καὶ
981 642 1323 716 σατανᾶς
1366 640 1480 705 καὶ
1525 636 1859 721 διάβολος,
1913 632 2007 716 ὥς
2050 640 2162 705 καὶ
2207 637 2288 703 ἐκ
2331 640 2482 703 τῶν
2524 632 2790 723 ἡμετέ-

466 785 633 846 ρων
700 756 1325 845 συγγραμμάτων
1400 755 1966 845 ἐρευνήσαντες
2042 764 2341 844 μαθεῖν
2410 751 2784 830 δύνασθε,

475 885 541 946 et
583 885 744 944 Dial.
777 900 828 943 c.
869 884 968 944 Tr.
1019 900 1071 944 c.
1118 882 1255 964 103,
1306 901 1369 964 p.
1403 881 1559 944 348:
1619 875 1740 945 τὸν
1793 874 2129 958 διάβολον,
2182 872 2264 943 ὃν
2318 876 2612 960 Μωϋσῆς
2666 874 2787 957 μὲν

475 992 635 1081 ὄφιν
678 1001 882 1075 καλεῖ,
928 995 1001 1062 ἐν
1046 997 1116 1063 δὲ
1159 1000 1258 1082 τῷ
1309 990 1455 1078 Ἰὠβ
1490 998 1601 1062 καὶ
1644 998 1746 1081 τῷ
1789 998 2081 1085 Ζαχαρία
2125 992 2436 1077 διάβολος
2465 994 2790 1079 κέκληται,

469 1119 581 1183 καὶ
640 1111 792 1183 ὑπὸ
866 1118 1005 1182 τοῦ
1073 1109 1312 1203 Ἰησοῦ
1387 1118 1725 1193 σατανᾶς
1783 1111 2443 1202 προσηγόρευται.
2556 1115 2789 1179 Nonne

468 1258 552 1304 ex
592 1235 716 1303 hoc
761 1236 965 1302 altero
1010 1237 1153 1302 loeo
1199 1242 1502 1323 apparet,
1559 1236 1756 1322 priori
1801 1235 2044 1321 scripta
2085 1235 2336 1301 Veteris
2383 1233 2784 1300 Testamenti

465 1378 599 1423 una
643 1378 784 1422 cum
828 1355 1349 1423 memorabilibus
1396 1357 1837 1443 apostolorum
1882 1351 1963 1420 τὰ
1990 1349 2267 1442 ἡμέτερα
2308 1348 2771 1439 συγγράμματα

465 1476 826 1542 nominari?
2514 1542 2520 1549 ,

640 1597 816 1663 Sane
882 1595 938 1661 si
1009 1615 1325 1679 quaerere
1377 1595 1678 1681 velimus,
1751 1597 2007 1680 qualem
2074 1615 2448 1662 concursum
2503 1593 2786 1658 divinum

467 1716 759 1783 Justinus
817 1715 886 1780 in
945 1714 1426 1783 conscribendis
1482 1714 1582 1781 his
1629 1716 1989 1799 evangeliis
2047 1715 2367 1795 statuerit,
2423 1713 2579 1778 nihil
2634 1714 2788 1778 certi

465 1837 588 1902 hac
650 1835 733 1902 de
787 1855 858 1901 re
931 1833 1146 1901 dicere
1201 1834 1534 1902 habemus.
1668 1837 1807 1903 Hoc
1871 1856 2064 1900 unum
2117 1841 2399 1917 constat,
2469 1835 2785 1900 Justinum

473 1955 816 2038 evangelia
867 1976 984 2040 pro
1038 1953 1184 2019 fidis
1241 1961 1306 2021 et
1359 1957 1531 2022 veris
1573 1955 1905 2033 historiae,
1944 1974 2171 2021 sacrae
2221 1954 2607 2037 imaginibus
2655 1974 2783 2039 ope

468 2073 686 2139 divina
728 2074 1099 2158 compositis
1148 2071 1471 2141 habuisse.
1551 2076 1684 2142 Sed
1736 2075 1901 2141 haec
1947 2075 2031 2141 de
2077 2075 2596 2143 memorabilibus
2630 2096 2786 2160 apo·-

469 2193 770 2259 stolorum
840 2193 1002 2259 satis
1069 2168 1275 2259 sunto.
1386 2195 1723 2282 Superest,
1787 2201 1856 2260 ut
1927 2195 2350 2279 inquiramus:
2415 2201 2621 2261 [strum
2674 2201 2780 2258 Ju-

466 2317 657 2376 stinus
721 2319 898 2376 etiam
955 2319 1319 2392 apostolicas
1380 2320 1661 2393 epistola-s·
1729 2321 2031 2380 canonica
2089 2320 2449 2379 auctoritate
2510 2321 2783 2379 sancitas

466 2436 697 2496 noverit
741 2438 943 2512 eisque
985 2438 1438 2512 inspirationem
1485 2438 1776 2500 tribuerit.
2611 2409 2617 2415 ’

640 2552 885 2634 Negari
929 2554 1166 2639 nequit,
1211 2554 1449 2621 Justini
1495 2555 1737 2640 scripta
1778 2575 1990 2641 paene
2027 2555 2259 2624 nullius
2289 2555 2434 2620 libri
2464 2557 2631 2622 Novi
2666 2559 2788 2622 Te·

474 2673 776 2738 stamenti
817 2672 1132 2739 rationem
1186 2673 1428 2740 habere
1485 2675 1608 2741 nisi
1664 2675 2166 2758 evangeliorum.
2251 2676 2529 2741 Disertis
2574 2676 2790 2742 verbis

474 2790 616 2856 sola
673 2791 1111 2878 Apocalypsis
1170 2799 1497 2877 tamquam
1551 2793 1858 2860 divinitus
1911 2796 2204 2861 revelata
2263 2771 2793 2861 commemoratur

475 2907 659 2994 (Dial.
702 2931 752 2975 ο.
789 2917 887 2976 Tr.
946 2932 998 2978 c.
1026 2915 1137 2998 81,
1197 2935 1258 2999 p.
1307 2916 1459 2980 278:
1526 2907 1827 3001 Ἰωάννης
1881 2913 1954 2980 ἐν
2005 2908 2419 2996 ἀποκαλύψει
2474 2914 2789 2999 γενομένῃ

470 3022 652 3115 αὐτῷ
703 3027 1252 3119 προεφήτευσεν);
1300 3032 1418 3100 sed
1466 3034 1883 3118 epistolarum
1928 3035 2109 3099 nulla
2150 3033 2393 3101 mentio
2445 3033 2544 3116 fit;
2598 3033 2787 3101 modo

467 3151 866 3234 reperiuntur
912 3152 1161 3236 aliquot
1203 3153 1621 3219 Paulinarum
1668 3154 2089 3239 epistolarum
2143 3152 2668 3221 recordationes¹
2725 3160 2791 3220 et

471 3290 599 3335 una
644 3271 964 3355 epistolae
1010 3271 1098 3338 ad
1132 3271 1532 3340 HebraeoS.2
1613 3272 2124 3341 Recordationes
2171 3274 2437 3340 aliorum
2467 3274 2636 3340 Novi
2667 3275 2790 3338 Te-

474 3390 775 3457 stamenti
823 3392 1155 3477 librorum,
1215 3412 1383 3477 quas
1436 3397 1565 3458 Otto
1612 3393 1942 3478 collegit,3
1993 3400 2126 3459 tam
2169 3393 2456 3460 incertae
2501 3398 2676 3477 sunt,
2722 3398 2793 3458 ut

607 3683 624 3721 ¹
691 3681 796 3738 Cfr.
841 3686 1147 3751 ottonem,
1196 3686 1552 3753 Beziekunyen
1594 3683 1705 3750 auf
1732 3687 2064 3751 paulinische
2099 3684 2280 3751 Briqse
2328 3685 2407 3736 bei
2440 3683 2620 3736 Justin
2670 3686 2784 3737 dem

469 3768 734 3837 Mlirtyrer
765 3775 874 3824 und
908 3774 1021 3825 dem
1071 3771 1339 3838 Verfasser
1375 3774 1466 3824 des
1499 3769 1712 3837 Briqfes
1749 3787 1819 3823 an
1855 3771 2093 3840 Dioynet.
2164 3772 2204 3822 I
2206 3773 2252 3823 ΖΖ
2260 3771 2405 3838 yeni
2415 3772 2432 3822 ἰ
2470 3769 2778 3837 Zeilschnfl

449 3852 556 3919 fiir
591 3856 674 3908 die
710 3857 1012 3910 histovische
1061 3858 1349 3925 Theoloyie.
1416 3855 1562 3907 1842.
1610 3870 1666 3921 p.
1693 3857 1914 3910 41—58.
1956 3857 2106 3908 1843.
2145 3871 2198 3922 P.
2223 3855 2443 3908 34-46.

602 3938 626 3977 2
677 3940 825 3993 Diaz.
861 3958 903 3993 c.
942 3942 1029 3994 Tr.
1077 3957 1119 3995 e.
1152 3942 1240 4008 13,
1286 3957 1338 4009 p.
1365 3942 1456 3992 44:
1515 3931 1690 3991 πάλαι
1734 3941 1889 3992 τοῦτο
1927 3935 2106 3992 ἐκεῖνο
2146 3935 2207 3992 τὸ
2241 3934 2513 4008 σωτήριον
2549 3941 2784 4008 λυῦτρον

469 4011 553 4093 ἦν,
590 4020 621 4074 ὃ
656 4018 797 4087 εἶπε,
835 4021 895 4077 τὸ
930 4030 1045 4083 τοῖς
1073 4021 1553 4096 μεταγινώσκουσι
1588 4024 1685 4076 καὶ
1718 4023 1915 4096 μηκέτι
1953 4024 2153 4095 αἵμασι
2188 4020 2416 4094 τρώγων
2448 4025 2543 4076 καὶ
2583 4025 2787 4092 προβά-

470 4123 578 4159 των
615 4105 643 4177 ἢ
680 4110 870 4184 σποδῷ
914 4107 1204 4183 δαμάλεως
1239 4108 1272 4181 ἢ
1311 4107 1656 4183 σεμιδάλεως
1700 4115 2059 4182 προσφοραῖς
2100 4110 2594 4181 καθαριζομένους.
2669 4111 2780 4167 Cfr.

471 4193 625 4248 Hebr.
658 4194 754 4263 IX,
787 4197 865 4251 13.

501 4279 644 4419 dmg,
668 4280 731 4335 L.
759 4296 803 4336 c.
836 4298 888 4350 p.
914 4283 1135 4341 40—43.
1203 4282 1309 4339 Cfr.
1346 4281 1586 4341 Iudicem
1619 4282 1877 4353 locorum,
1917 4299 2076 4356 quem
2118 4283 2263 4342 Otto
2300 4279 2556 4351 operibus
2589 4280 2790 4335 Justini

465 4377 499 4420 a
575 4363 586 4374 ⁶
630 4365 683 4420 ‘t.
