3264 5076
1580 418 1884 519 ἐξ*

566 644 844 730 plurima
871 643 1131 728 quidem
1156 644 1396 712 Christi
1419 652 1484 712 et
1507 645 1947 731 apostolorum
1969 646 2172 712 verba
2195 644 2496 729 contexit,
2532 642 2650 711 sed
2680 645 2883 711 Vetus

568 767 1058 831 Testamentum
1092 786 1417 849 nunquam
1451 766 1823 832 solemniter
1854 765 2116 850 allegat.
2191 766 2457 849 ignatius
2486 783 2639 831 vero
2667 784 2887 848 quam-

567 904 760 967 quam
806 882 969 950 duos
1012 885 1262 952 Veteris
1309 886 1714 953 Testamenti
1759 886 1939 951 locos
1972 883 2191 969 (Prov.
2220 885 2330 961 111,
2365 886 2468 948 31.
2503 884 2737 968 XVIII,
2777 882 2883 967 17)

570 1002 855 1069 formulis
887 997 983 1080 ιῦς
1017 1003 1374 1088 γέγραπται
1411 1010 1474 1070 et
1507 1004 1864 1089 γέγραπται
1900 1000 2025 1090 γάρ
2059 1002 2379 1087 adducffl,
2417 1002 2752 1088 impugnat
2794 1007 2886 1067 ta-

567 1143 718 1189 men
747 1121 1173 1189 Judaizantes
1203 1123 1380 1209 istos,
1418 1124 1543 1210 qui,
1577 1124 1870 1190 omnibus
1904 1122 2231 1207 evangelii
2261 1121 2562 1188 doctrinis
2588 1141 2624 1187 e
2648 1123 2885 1189 Vetere

568 1245 991 1310 Testamento
1035 1241 1230 1309 fidem
1276 1242 1700 1310 asserendam
1748 1262 1897 1310 esse
1942 1242 2340 1321 dictitantes,
2385 1240 2625 1308 Christi
2676 1241 2882 1307 incar-

567 1362 915 1445 nationem,
959 1363 1360 1448 passionem,
1403 1364 1939 1431 resurrectionem
1987 1383 2029 1428 a
2071 1361 2402 1448 prophetis
2441 1360 2880 1447 praenuntiari

565 1489 824 1568 negent,
852 1483 1078 1560 quibus
1108 1484 1366 1568 quidem
1397 1483 1632 1568 objicit,
1668 1483 2005 1551 veritatem
2038 1481 2363 1567 evangelii
2391 1486 2646 1548 suamet
2673 1480 2877 1566 ipsius

563 1604 798 1667 natura
852 1608 918 1668 et
960 1604 1365 1687 praestantia
1409 1604 1568 1670 satis
1615 1623 1937 1689 superque
1980 1602 2243 1688 probari
2290 1608 2355 1667 et
2397 1600 2697 1665 firmari.2
2792 1599 2876 1665 At

563 1727 807 1787 temere
852 1719 1003 1786 inde
1049 1722 1457 1809 concluseris,
1500 1722 1964 1789 illustrissimos
2008 1722 2155 1789 illos
2189 1728 2407 1808 patres
2440 1720 2724 1788 divinam
2755 1721 2876 1787 Ve-

563 1841 718 1906 teris
753 1843 1156 1910 Testamenti
1192 1841 1574 1928 dignitatem
1608 1864 1738 1908 non
1770 1843 2142 1926 agnovisse.
2215 1843 2383 1907 Nam
2417 1847 2699 1921 anatius
2728 1862 2870 1926 pro·

561 1961 796 2046 phetas
842 1969 1171 2047 nuncupat
1208 1961 1644 2030 divinissimos
1682 1960 1775 2048 (οἱ
1798 1958 1921 2048 γὰρ
1965 1956 2301 2027 θειότατοι
2333 1963 2668 2047 προφῆται
2703 1956 2871 2026 κατὰ

559 2077 850 2165 Χριστὸν
892 2075 1136 2170 Ἰησοῦν
1179 2082 1481 2170 {ignavem-‘³
1535 2088 1598 2148 et
1639 2081 1943 2148 admonet
1987 2078 2393 2164 christianos,
2438 2087 2506 2146 ut
2549 2081 2697 2146 illos
2743 2081 2783 2146 i.
2814 2100 2872 2147 e.

558 2200 757 2266 libros
812 2221 1031 2267 eorum
1083 2203 1382 2289 diligant,
1440 2203 1682 2288 quippe
1744 2204 1848 2285 qui
1896 2199 2214 2267 Christum
2257 2201 2481 2266 Jesum
2537 2201 2874 2269 annuntia·

559 2320 786 2386 verint.
883 2324 1033 2388 Καὶ
1096 2319 1278 2400 τοὺς
1320 2320 1764 2409 προφήτας,
1830 2320 2059 2405 inquit,
2113 2319 2193 2385 δὲ
2244 2312 2690 2414 ἀγαπῶμεν,
2746 2316 2873 2386 διὰ

557 2436 644 2504 τὸ
681 2442 810 2508 καὶ
856 2436 1139 2519 αὐτοὺς
1183 2442 1292 2520 εἰς
1327 2439 1413 2508 τὸ
1458 2435 1923 2525 εὐαγγέλιον
1966 2440 2578 2525 κατηγγελκέναι
2628 2441 2739 2506 καὶ
2782 2440 2874 2516 εἰς

555 2552 761 2626 αὐτὸν
805 2559 1090 2646 ἐλπίζειν
1133 2564 1244 2628 καὶ
1294 2562 1386 2640 εἰς
1431 2555 1637 2628 αὐτὸν
1692 2554 2058 2646 α’ναμένειν.
2115 2560 2189 2627 ἐν
2233 2549 2291 2645 ᾧ
2337 2562 2449 2626 καὶ
2493 2556 2872 2626 πιστεύσαν-

553 2702 659 2756 τες
718 2677 1068 2766 ἐσώθησαν
1121 2680 1194 2748 ἐν
1251 2678 1508 2768 ἑνότητι
1558 2675 1761 2767 Ἰησοῦ
1802 2684 2117 2764 Χριστοῦ,
2174 2674 2395 2758 ὄντες
2449 2673 2873 2766 ἄξιαγάπη-

554 2820 675 2863 τοι
719 2801 847 2902 καὶ
891 2792 1506 2887 ἄξιοθαύμαστοι
1549 2795 1790 2886 ἅγιοι,
1832 2794 1966 2867 ὑπὸ
2001 2795 2201 2887 Ἰησοῦ
2234 2802 2522 2884 Χριστοῦ
2548 2821 2865 2885 μεμαρτυ-

563 2938 656 2946 —-.

693 3007 715 3044 1
763 3009 851 3060 Ad
885 3007 1077 3076 Ephes.
1114 3021 1158 3059 c.
1184 3005 1251 3073 V,
1279 3023 1331 3075 p.
1363 3006 1461 3058 124
1499 3005 1607 3072 (ed.
1634 3004 1756 3060 Hef.
1784 3021 1837 3074 p.
1872 3008 2003 3071 156).
2065 3009 2153 3060 Ad
2187 3007 2430 3075 Maqnes.
2468 3019 2513 3059 c.
2539 3002 2661 3069 XII,
2688 3020 2741 3072 p.
2774 3005 2868 3056 150

558 3088 668 3155 (ed.
694 3089 816 3145 Hes.
842 3108 894 3160 p.
922 3093 1060 3151 182).

697 3177 721 3216 ²
768 3181 856 3233 Ad
880 3179 1089 3232 Philad.
1118 3193 1161 3231 c.
1190 3177 1337 3244 VIII,
1364 3194 1416 3246 p.
1448 3178 1560 3232 180.
1595 3179 1691 3230 182
1728 3175 1835 3239 (ed.
1868 3175 1989 3230 Hes.
2022 3192 2075 3245 p.
2101 3177 2217 3230 216.
2244 3177 2392 3241 218):
2450 3175 2769 3249 Παρακαλῶ
2805 3170 2869 3227 δὲ

559 3258 704 3332 ὑμᾶς
745 3259 926 3333 μηδὲν
971 3260 1092 3316 κατ’
1141 3257 1404 3331 ἐριθείαν
1459 3258 1768 3332 πράσσειν,
1827 3258 1962 3314 ἀλλὰ
2009 3257 2148 3315 κατὰ
2193 3261 2625 3333 χριστομαθίαν.
2708 3257 2871 3312 Ἐπεὶ

559 3343 767 3414 ἤκουσά
814 3366 982 3402 τινων
1018 3343 1311 3419 λεγόντων,
1359 3347 1440 3401 ὅτι
1478 3342 1578 3402 ἐὰν
1610 3343 1688 3420 μὴ
1726 3343 1790 3402 ἐν
1822 3352 1937 3406 τοῖς
1973 3344 2231 3420 ἄρχαίοις
2264 3346 2339 3411 (h.
2366 3362 2412 3400 e.
2447 3345 2504 3399 in
2528 3346 2732 3400 Vetere
2765 3345 2870 3399 Te·

558 3437 855 3500 stamento)
899 3433 1067 3503 εὕρω,
1119 3429 1182 3487 ἐν
1218 3436 1294 3508 τῷ
1343 3431 1653 3507 εὐαγγελίῳ
1699 3430 1762 3486 οὗ
1803 3432 2045 3486 πιστεύω
2092 3432 2186 3486 καὶ
2222 3428 2480 3501 λέγοντός
2514 3451 2620 3504 μου
2667 3429 2871 3494 αὐτοῖς,

558 3517 641 3575 ὅτι
667 3518 1020 3589 γέγραπται,
1070 3515 1466 3592 ἄπεκρίθησᾶν
1509 3539 1630 3592 μοι,
1671 3519 1753 3572 ὅτι
1800 3516 2087 3591 πρόκειται
2125 3518 2198 3586 (h.
2227 3534 2273 3572 e.
2309 3516 2733 3573 demonstratum
2770 3523 2869 3583 est,

550 3603 666 3672 jam
690 3604 974 3660 tibifidem
997 3604 1299 3669 habemus).
1352 3604 1540 3677 Ἐμοὶ
1579 3604 1651 3659 δὲ
1687 3600 1942 3674 ἀρχαῖά
1979 3598 2171 3657 ἐστιν
2198 3600 2525 3678 Χριστὸς,
2564 3598 2644 3655 τὰ
2682 3600 2870 3655 ἄθικ-

558 3708 636 3742 τα
695 3685 976 3761 ἀρχαῖα,
1024 3688 1053 3745 ὅ
1097 3688 1388 3760 σταυρὸς
1433 3688 1630 3746 αὐτοῦ
1677 3691 1789 3744 καὶ
1835 3686 1864 3742 ὃ
1909 3684 2212 3747 θάνατος
2259 3689 2374 3741 καὶ
2418 3686 2451 3759 ἡ
2500 3682 2875 3745 ἀνάστασις

558 3771 763 3828 αὐτοῦ
804 3776 918 3828 καὶ
956 3772 984 3845 ἦ
1022 3778 1251 3837 πίστις
1284 3774 1316 3846 ἡ
1356 3774 1448 3829 δι’
1487 3775 1688 3830 αὐτοῦ
1730 3776 1783 3830 h.
1811 3791 1857 3830 e.
1893 3775 2022 3829 mihi
2056 3790 2164 3829 non
2202 3791 2233 3828 e
2268 3774 2471 3829 Vetere
2505 3774 2870 3839 Testament0‚

557 3861 654 3916 sed
687 3876 756 3915 ex
790 3860 911 3929 ipsa
947 3860 1224 3917 doctrinae
1262 3863 1587 3917 christianae
1619 3856 1801 3916 indole
1839 3865 1894 3915 et
1929 3866 2124 3914 natura
2158 3860 2458 3914 certissima
2483 3859 2551 3914 de
2589 3859 2708 3928 ejus
2732 3858 2868 3913 veri-

555 3952 669 4001 tate
704 3945 840 4001 fides
876 3952 1038 4015 atque
1073 3949 1353 4016 persuasio
1399 3948 1594 4015 oritur3
1645 3950 1963 4016 argumenta
2003 3945 2230 4014 invicta,
2282 3962 2423 4014 quae
2466 3961 2561 4000 vos
2599 3961 2629 3999 e
2668 3945 2870 3999 Vetere

556 4031 905 4086 Testamento
951 4033 1224 4103 repetitis,
1274 4049 1373 4103 ego
1425 4033 1532 4102 ipsi
1575 4032 1854 4087 doctrinae
1903 4031 2228 4086 christianae
2262 4030 2427 4085 insita
2461 4030 2691 4085 invenio,
2763 4028 2871 4084 Cfr.

561 4118 976 4185 Credam-um,
1021 4119 1108 4173 De
1153 4118 1411 4173 librorum
1452 4118 1517 4173 N.
1565 4119 1626 4173 T.
1672 4116 2027 4187 inspiratione
2073 4116 2204 4184 quid
2248 4117 2539 4171 statuerint
2588 4115 2868 4170 christiani

552 4206 679 4256 ante
715 4196 989 4259 saeculum
1023 4204 1240 4259 tertium
1274 4203 1521 4258 medium.
1592 4202 1919 4259 Dissertatio
1952 4202 2003 4269 Ι,
2041 4219 2093 4270 p.
2125 4205 2205 4258 13.
2272 4204 2583 4274 Ejusdem
2616 4204 2861 4272 Beitrdqe

551 4307 643 4361 {ur
665 4289 971 4361 Einleitunq
992 4293 1049 4344 in
1071 4294 1154 4345 die
1179 4292 1461 4345 biblischen
1484 4290 1768 4358 Schriften.
1820 4288 1863 4357 Ι,
1890 4307 1942 4358 p.
1973 4290 2038 4343 15
2062 4304 2141 4357 sq.

691 4373 717 4415 ³
761 4379 858 4432 Ad
883 4378 1171 4448 Maqnes.
1211 4390 1255 4430 c.
1280 4374 1512 4447 V111,p.
1541 4377 1641 4432 146
1680 4374 1787 4443 (ed.
1812 4373 1933 4431 Hes.
1958 4390 2012 4446 p.
2045 4377 2182 4439 179).
