<?xml version="1.0" encoding="UTF-8"?>
<!DOCTYPE html PUBLIC "-//W3C//DTD XHTML 1.0 Transitional//EN"
    "http://www.w3.org/TR/xhtml1/DTD/xhtml1-transitional.dtd">
<html xmlns="http://www.w3.org/1999/xhtml" xml:lang="en" lang="en">
 <head>
  <title>
</title>
<meta http-equiv="Content-Type" content="text/html;charset=utf-8" />
  <meta name='ocr-system' content='tesseract 3.04.00' />
  <meta name='ocr-capabilities' content='ocr_page ocr_carea ocr_par ocr_line ocrx_word'/>
</head>
<body>
  <div class='ocr_page' id='page_1' title='image "./deinspirationes00deligoog_0061.png"; bbox 0 0 3264 5076; ppageno 0'>
   <div class='ocr_carea' id='block_1_1' title="bbox 1643 394 1729 466">
    <p class='ocr_par' dir='ltr' id='par_1_1' title="bbox 1643 394 1729 466">
     <span class='ocr_line' id='line_1_1' title="bbox 1643 394 1729 466; baseline 0.012 -1"><span class='ocrx_word' id='word_1_1' title='bbox 1643 394 1729 466; x_wconf 83' lang='lat'><strong>49</strong></span> 
     </span>
    </p>
   </div>
   <div class='ocr_carea' id='block_1_2' title="bbox 1527 488 1835 495">
    <p class='ocr_par' dir='ltr' id='par_1_2' title="bbox 1527 488 1835 495">
     <span class='ocr_line' id='line_1_2' title="bbox 1527 488 1835 495; baseline 0 0"><span class='ocrx_word' id='word_1_2' title='bbox 1527 488 1835 495; x_wconf 95' lang='lat' dir='ltr'><strong> </strong></span> 
     </span>
    </p>
   </div>
   <div class='ocr_carea' id='block_1_3' title="bbox 486 617 2859 2263">
    <p class='ocr_par' dir='ltr' id='par_1_3' title="bbox 486 617 2859 1784">
     <span class='ocr_line' id='line_1_3' title="bbox 513 617 2859 703; baseline -0.002 -19"><span class='ocrx_word' id='word_1_3' title='bbox 513 621 913 699; x_wconf 68' lang='lat' dir='ltr'><strong>yenbachius¹</strong></span> <span class='ocrx_word' id='word_1_4' title='bbox 965 620 1232 703; x_wconf 88' lang='lat' dir='ltr'><strong>quaerit,</strong></span> <span class='ocrx_word' id='word_1_5' title='bbox 1279 627 1484 687; x_wconf 87' lang='lat' dir='ltr'><strong>utrum</strong></span> <span class='ocrx_word' id='word_1_6' title='bbox 1530 620 1747 703; x_wconf 82' lang='lat' dir='ltr'>imago</span> <span class='ocrx_word' id='word_1_7' title='bbox 1792 619 1907 685; x_wconf 90' lang='lat' dir='ltr'><strong>illa</strong></span> <span class='ocrx_word' id='word_1_8' title='bbox 1938 620 2022 686; x_wconf 89' lang='lat' dir='ltr'><strong>ab</strong></span> <span class='ocrx_word' id='word_1_9' title='bbox 2054 619 2493 685; x_wconf 80' lang='lat' dir='ltr'><strong>instrumentis</strong></span> <span class='ocrx_word' id='word_1_10' title='bbox 2526 617 2859 685; x_wconf 85' lang='lat' dir='ltr'><strong>desumta.</strong></span> 
     </span>
     <span class='ocr_line' id='line_1_4' title="bbox 515 738 2823 826; baseline 0 -22"><span class='ocrx_word' id='word_1_11' title='bbox 515 738 863 826; x_wconf 88' lang='lat' dir='ltr'><strong>prophetas</strong></span> <span class='ocrx_word' id='word_1_12' title='bbox 908 739 1330 806; x_wconf 89' lang='lat' dir='ltr'><strong>instrumenta</strong></span> <span class='ocrx_word' id='word_1_13' title='bbox 1382 758 1558 806; x_wconf 90' lang='lat' dir='ltr'><strong>mere</strong></span> <span class='ocrx_word' id='word_1_14' title='bbox 1611 740 1883 824; x_wconf 87' lang='lat' dir='ltr'><strong>passiva</strong></span> <span class='ocrx_word' id='word_1_15' title='bbox 1929 739 2151 823; x_wconf 91' lang='lat' dir='ltr'><strong>suique</strong></span> <span class='ocrx_word' id='word_1_16' title='bbox 2198 759 2329 805; x_wconf 90' lang='lat' dir='ltr'><strong>non</strong></span> <span class='ocrx_word' id='word_1_17' title='bbox 2375 739 2634 806; x_wconf 89' lang='lat' dir='ltr'><strong>conscia</strong></span> <span class='ocrx_word' id='word_1_18' title='bbox 2677 758 2823 805; x_wconf 90' lang='lat' dir='ltr'><strong>esse</strong></span> 
     </span>
     <span class='ocr_line' id='line_1_5' title="bbox 512 858 2823 945; baseline -0.001 -20"><span class='ocrx_word' id='word_1_19' title='bbox 512 858 748 926; x_wconf 88' lang='lat' dir='ltr'><strong>indicet</strong></span> <span class='ocrx_word' id='word_1_20' title='bbox 792 881 878 924; x_wconf 88' lang='lat' dir='ltr'><strong>an</strong></span> <span class='ocrx_word' id='word_1_21' title='bbox 922 859 1268 945; x_wconf 89' lang='lat' dir='ltr'><strong>peculiaris</strong></span> <span class='ocrx_word' id='word_1_22' title='bbox 1308 864 1682 942; x_wconf 82' lang='lat' dir='ltr'><strong>structurae,</strong></span> <span class='ocrx_word' id='word_1_23' title='bbox 1731 874 1899 942; x_wconf 88' lang='lat' dir='ltr'><strong>quae</strong></span> <span class='ocrx_word' id='word_1_24' title='bbox 1947 861 2091 927; x_wconf 92' lang='lat' dir='ltr'><strong>soni</strong></span> <span class='ocrx_word' id='word_1_25' title='bbox 2137 859 2223 925; x_wconf 92' lang='lat' dir='ltr'><strong>sit</strong></span> <span class='ocrx_word' id='word_1_26' title='bbox 2252 879 2465 945; x_wconf 88' lang='lat' dir='ltr'><strong>causa,</strong></span> <span class='ocrx_word' id='word_1_27' title='bbox 2511 859 2823 926; x_wconf 89' lang='lat' dir='ltr'><strong>rationem</strong></span> 
     </span>
     <span class='ocr_line' id='line_1_6' title="bbox 486 976 2824 1066; baseline -0 -22"><span class='ocrx_word' id='word_1_28' title='bbox 486 978 768 1062; x_wconf 86' lang='lat' dir='ltr'><strong>-habeat,</strong></span> <span class='ocrx_word' id='word_1_29' title='bbox 816 999 934 1045; x_wconf 91' lang='lat' dir='ltr'><strong>nos</strong></span> <span class='ocrx_word' id='word_1_30' title='bbox 979 979 1298 1063; x_wconf 79' lang='lat' dir='ltr'>posterius</span> <span class='ocrx_word' id='word_1_31' title='bbox 1343 977 1600 1063; x_wconf 89' lang='lat' dir='ltr'><strong>quidem</strong></span> <span class='ocrx_word' id='word_1_32' title='bbox 1641 977 2068 1066; x_wconf 86' lang='lat' dir='ltr'><strong>concedimus,</strong></span> <span class='ocrx_word' id='word_1_33' title='bbox 2114 979 2231 1046; x_wconf 89' lang='lat' dir='ltr'><strong>sed</strong></span> <span class='ocrx_word' id='word_1_34' title='bbox 2260 980 2371 1062; x_wconf 90' lang='lat' dir='ltr'><strong>ita,</strong></span> <span class='ocrx_word' id='word_1_35' title='bbox 2402 985 2470 1044; x_wconf 89' lang='lat' dir='ltr'><strong>ut</strong></span> <span class='ocrx_word' id='word_1_36' title='bbox 2503 976 2824 1047; x_wconf 85' lang='lat' dir='ltr'><strong>acusticae</strong></span> 
     </span>
     <span class='ocr_line' id='line_1_7' title="bbox 513 1096 2824 1165; baseline -0 -2"><span class='ocrx_word' id='word_1_37' title='bbox 513 1099 914 1165; x_wconf 80' lang='lat' dir='ltr'><strong>instrumenti</strong></span> <span class='ocrx_word' id='word_1_38' title='bbox 960 1104 1310 1164; x_wconf 78' lang='lat' dir='ltr'><strong>structurae</strong></span> <span class='ocrx_word' id='word_1_39' title='bbox 1357 1099 1708 1164; x_wconf 89' lang='lat' dir='ltr'><strong>secundum</strong></span> <span class='ocrx_word' id='word_1_40' title='bbox 1740 1100 2201 1165; x_wconf 81' lang='lat' dir='ltr'><strong>Tertullianum</strong></span> <span class='ocrx_word' id='word_1_41' title='bbox 2249 1096 2691 1165; x_wconf 87' lang='lat' dir='ltr'><strong>tantummodo</strong></span> <span class='ocrx_word' id='word_1_42' title='bbox 2733 1096 2824 1163; x_wconf 90' lang='lat' dir='ltr'><strong>di-</strong></span> 
     </span>
     <span class='ocr_line' id='line_1_8' title="bbox 513 1217 2823 1305; baseline -0 -22"><span class='ocrx_word' id='word_1_43' title='bbox 513 1217 663 1305; x_wconf 85' lang='lat' dir='ltr'><strong>vina</strong></span> <span class='ocrx_word' id='word_1_44' title='bbox 706 1226 937 1284; x_wconf 90' lang='lat' dir='ltr'><strong>natura</strong></span> <span class='ocrx_word' id='word_1_45' title='bbox 984 1219 1241 1284; x_wconf 88' lang='lat' dir='ltr'><strong>animae</strong></span> <span class='ocrx_word' id='word_1_46' title='bbox 1274 1239 1355 1284; x_wconf 87' lang='lat' dir='ltr'><strong>ex</strong></span> <span class='ocrx_word' id='word_1_47' title='bbox 1389 1220 1516 1285; x_wconf 93' lang='lat' dir='ltr'><strong>Dei</strong></span> <span class='ocrx_word' id='word_1_48' title='bbox 1551 1218 1770 1285; x_wconf 83' lang='lat' dir='ltr'><strong>afflatu</strong></span> <span class='ocrx_word' id='word_1_49' title='bbox 1800 1221 2032 1285; x_wconf 82' lang='lat' dir='ltr'><strong>natae2</strong></span> <span class='ocrx_word' id='word_1_50' title='bbox 2086 1227 2149 1285; x_wconf 92' lang='lat' dir='ltr'><strong>et</strong></span> <span class='ocrx_word' id='word_1_51' title='bbox 2195 1218 2365 1285; x_wconf 90' lang='lat' dir='ltr'><strong>dono</strong></span> <span class='ocrx_word' id='word_1_52' title='bbox 2411 1217 2823 1286; x_wconf 82' lang='lat' dir='ltr'><strong>divinationis</strong></span> 
     </span>
     <span class='ocr_line' id='line_1_9' title="bbox 510 1336 2826 1425; baseline 0 -23"><span class='ocrx_word' id='word_1_53' title='bbox 510 1337 846 1422; x_wconf 87' lang='lat' dir='ltr'><strong>praeditae</strong></span> <span class='ocrx_word' id='word_1_54' title='bbox 867 1340 917 1422; x_wconf 85' lang='lat'><strong>3,</strong></span> <span class='ocrx_word' id='word_1_55' title='bbox 988 1336 1336 1404; x_wconf 91' lang='lat' dir='ltr'><strong>secundum</strong></span> <span class='ocrx_word' id='word_1_56' title='bbox 1390 1338 1732 1406; x_wconf 88' lang='lat' dir='ltr'><strong>Philonem</strong></span> <span class='ocrx_word' id='word_1_57' title='bbox 1788 1347 1853 1405; x_wconf 89' lang='lat' dir='ltr'><strong>et</strong></span> <span class='ocrx_word' id='word_1_58' title='bbox 1909 1338 2291 1425; x_wconf 85' lang='lat' dir='ltr'><strong>apologetas</strong></span> <span class='ocrx_word' id='word_1_59' title='bbox 2358 1337 2709 1423; x_wconf 90' lang='lat' dir='ltr'><strong>spiritualis</strong></span> <span class='ocrx_word' id='word_1_60' title='bbox 2762 1342 2826 1403; x_wconf 89' lang='lat' dir='ltr'><strong>et</strong></span> 
     </span>
     <span class='ocr_line' id='line_1_10' title="bbox 509 1457 2820 1544; baseline 0 -23"><span class='ocrx_word' id='word_1_61' title='bbox 509 1457 770 1523; x_wconf 86' lang='lat' dir='ltr'><strong>moralis</strong></span> <span class='ocrx_word' id='word_1_62' title='bbox 827 1458 1282 1544; x_wconf 87' lang='lat' dir='ltr'><strong>prophetarum</strong></span> <span class='ocrx_word' id='word_1_63' title='bbox 1341 1457 1660 1541; x_wconf 78' lang='lat' dir='ltr'><strong>indoles,⁴</strong></span> <span class='ocrx_word' id='word_1_64' title='bbox 1721 1460 2092 1543; x_wconf 82' lang='lat' dir='ltr'><strong>neutiquam</strong></span> <span class='ocrx_word' id='word_1_65' title='bbox 2141 1478 2295 1526; x_wconf 87' lang='lat' dir='ltr'><strong>vero</strong></span> <span class='ocrx_word' id='word_1_66' title='bbox 2357 1458 2602 1542; x_wconf 89' lang='lat' dir='ltr'><strong>aliqua,</strong></span> <span class='ocrx_word' id='word_1_67' title='bbox 2671 1457 2820 1523; x_wconf 89' lang='lat' dir='ltr'><strong>licet</strong></span> 
     </span>
     <span class='ocr_line' id='line_1_11' title="bbox 512 1577 2819 1665; baseline 0 -23"><span class='ocrx_word' id='word_1_68' title='bbox 512 1577 806 1662; x_wconf 85' lang='lat' dir='ltr'><strong>minima,</strong></span> <span class='ocrx_word' id='word_1_69' title='bbox 860 1579 1215 1663; x_wconf 88' lang='lat' dir='ltr'><strong>prophetae</strong></span> <span class='ocrx_word' id='word_1_70' title='bbox 1279 1579 1646 1665; x_wconf 87' lang='lat' dir='ltr'><strong>cooperatio</strong></span> <span class='ocrx_word' id='word_1_71' title='bbox 1699 1580 1801 1644; x_wconf 84' lang='lat' dir='ltr'><strong>vel</strong></span> <span class='ocrx_word' id='word_1_72' title='bbox 1860 1579 2092 1644; x_wconf 88' lang='lat' dir='ltr'><strong>suimet</strong></span> <span class='ocrx_word' id='word_1_73' title='bbox 2145 1578 2349 1664; x_wconf 91' lang='lat' dir='ltr'><strong>ipsius</strong></span> <span class='ocrx_word' id='word_1_74' title='bbox 2405 1577 2490 1643; x_wconf 93' lang='lat' dir='ltr'><strong>ad</strong></span> <span class='ocrx_word' id='word_1_75' title='bbox 2545 1577 2819 1662; x_wconf 85' lang='lat' dir='ltr'><strong>Spiritus</strong></span> 
     </span>
     <span class='ocr_line' id='line_1_12' title="bbox 515 1695 1884 1784; baseline 0.001 -23"><span class='ocrx_word' id='word_1_76' title='bbox 515 1695 713 1762; x_wconf 85' lang='lat' dir='ltr'><strong>divini</strong></span> <span class='ocrx_word' id='word_1_77' title='bbox 756 1699 1030 1782; x_wconf 84' lang='lat' dir='ltr'><strong>gratiam</strong></span> <span class='ocrx_word' id='word_1_78' title='bbox 1077 1699 1426 1784; x_wconf 81' lang='lat' dir='ltr'><strong>applicatio</strong></span> <span class='ocrx_word' id='word_1_79' title='bbox 1475 1696 1884 1783; x_wconf 88' lang='lat' dir='ltr'><strong>respondeat.</strong></span> 
     </span>
    </p>

    <p class='ocr_par' dir='ltr' id='par_1_4' title="bbox 511 1816 2822 2263">
     <span class='ocr_line' id='line_1_13' title="bbox 678 1816 2822 1904; baseline 0 -23"><span class='ocrx_word' id='word_1_80' title='bbox 678 1817 795 1882; x_wconf 91' lang='lat' dir='ltr'><strong>His</strong></span> <span class='ocrx_word' id='word_1_81' title='bbox 848 1819 1240 1899; x_wconf 82' lang='lat' dir='ltr'><strong>argumentis</strong></span> <span class='ocrx_word' id='word_1_82' title='bbox 1287 1818 1742 1904; x_wconf 81' lang='lat' dir='ltr'><strong>comprobasse</strong></span> <span class='ocrx_word' id='word_1_83' title='bbox 1797 1817 1982 1884; x_wconf 91' lang='lat' dir='ltr'><strong>nobis</strong></span> <span class='ocrx_word' id='word_1_84' title='bbox 2030 1816 2343 1901; x_wconf 86' lang='lat' dir='ltr'><strong>videmur,</strong></span> <span class='ocrx_word' id='word_1_85' title='bbox 2390 1816 2708 1884; x_wconf 87' lang='lat' dir='ltr'><strong>Justinum</strong></span> <span class='ocrx_word' id='word_1_86' title='bbox 2757 1821 2822 1882; x_wconf 92' lang='lat' dir='ltr'><strong>et</strong></span> 
     </span>
     <span class='ocr_line' id='line_1_14' title="bbox 511 1935 2819 2022; baseline -0 -21"><span class='ocrx_word' id='word_1_87' title='bbox 511 1935 994 2020; x_wconf 84' lang='lat' dir='ltr'><strong>Athenagoram</strong></span> <span class='ocrx_word' id='word_1_88' title='bbox 1065 1937 1407 2003; x_wconf 89' lang='lat' dir='ltr'><strong>manticam</strong></span> <span class='ocrx_word' id='word_1_89' title='bbox 1471 1937 1703 2003; x_wconf 89' lang='lat' dir='ltr'><strong>docere</strong></span> <span class='ocrx_word' id='word_1_90' title='bbox 1770 1937 2274 2022; x_wconf 82' lang='lat' dir='ltr'><strong>inspirationem.</strong></span> <span class='ocrx_word' id='word_1_91' title='bbox 2384 1936 2610 2002; x_wconf 90' lang='lat' dir='ltr'><strong>Utrum</strong></span> <span class='ocrx_word' id='word_1_92' title='bbox 2672 1955 2819 2001; x_wconf 86' lang='lat' dir='ltr'><strong>vero</strong></span> 
     </span>
     <span class='ocr_line' id='line_1_15' title="bbox 514 2053 2820 2143; baseline -0.001 -22"><span class='ocrx_word' id='word_1_93' title='bbox 514 2056 709 2123; x_wconf 88' lang='lat' dir='ltr'><strong>ceteri</strong></span> <span class='ocrx_word' id='word_1_94' title='bbox 754 2057 1140 2143; x_wconf 88' lang='lat' dir='ltr'><strong>apologetae</strong></span> <span class='ocrx_word' id='word_1_95' title='bbox 1191 2056 1364 2122; x_wconf 91' lang='lat' dir='ltr'><strong>idem</strong></span> <span class='ocrx_word' id='word_1_96' title='bbox 1426 2057 1775 2136; x_wconf 89' lang='lat' dir='ltr'><strong>senserint,</strong></span> <span class='ocrx_word' id='word_1_97' title='bbox 1832 2077 1866 2121; x_wconf 89' lang='lat' dir='ltr'><strong>c</strong></span> <span class='ocrx_word' id='word_1_98' title='bbox 1915 2056 2170 2143; x_wconf 89' lang='lat' dir='ltr'><strong>scriptis</strong></span> <span class='ocrx_word' id='word_1_99' title='bbox 2218 2076 2435 2122; x_wconf 85' lang='lat' dir='ltr'><strong>eorum</strong></span> <span class='ocrx_word' id='word_1_100' title='bbox 2481 2053 2820 2140; x_wconf 82' lang='lat' dir='ltr'><strong>dijudicari</strong></span> 
     </span>
     <span class='ocr_line' id='line_1_16' title="bbox 513 2176 2819 2263; baseline -0.001 -22"><span class='ocrx_word' id='word_1_101' title='bbox 513 2176 759 2263; x_wconf 79' lang='lat' dir='ltr'><strong>nequit3</strong></span> <span class='ocrx_word' id='word_1_102' title='bbox 811 2177 1002 2243; x_wconf 92' lang='lat' dir='ltr'><strong>modo</strong></span> <span class='ocrx_word' id='word_1_103' title='bbox 1050 2177 1466 2262; x_wconf 85' lang='lat' dir='ltr'><strong>suspicamur,</strong></span> <span class='ocrx_word' id='word_1_104' title='bbox 1514 2183 1861 2253; x_wconf 83' lang='lat' dir='ltr'><strong>Tatianum,</strong></span> <span class='ocrx_word' id='word_1_105' title='bbox 1908 2178 1950 2243; x_wconf 89' lang='lat' dir='ltr'>J</span> <span class='ocrx_word' id='word_1_106' title='bbox 1954 2176 2147 2242; x_wconf 90' lang='lat' dir='ltr'><strong>ustini</strong></span> <span class='ocrx_word' id='word_1_107' title='bbox 2194 2176 2573 2261; x_wconf 91' lang='lat' dir='ltr'><strong>discipulum</strong></span> <span class='ocrx_word' id='word_1_108' title='bbox 2594 2178 2645 2261; x_wconf 78' lang='lat'><strong>⁵,</strong></span> <span class='ocrx_word' id='word_1_109' title='bbox 2690 2195 2819 2239; x_wconf 87' lang='lat' dir='ltr'><strong>ma-</strong></span> 
     </span>
    </p>
   </div>
   <div class='ocr_carea' id='block_1_4' title="bbox 516 2351 897 2360">
    <p class='ocr_par' dir='ltr' id='par_1_5' title="bbox 516 2351 897 2360">
     <span class='ocr_line' id='line_1_17' title="bbox 516 2351 897 2360; baseline 0 2716"><span class='ocrx_word' id='word_1_110' title='bbox 516 2351 897 2360; x_wconf 95' lang='lat' dir='ltr'><strong> </strong></span> 
     </span>
    </p>
   </div>
   <div class='ocr_carea' id='block_1_5' title="bbox 503 2465 2821 4338">
    <p class='ocr_par' dir='ltr' id='par_1_6' title="bbox 513 2465 2819 2625">
     <span class='ocr_line' id='line_1_18' title="bbox 513 2465 2819 2537; baseline 0 -19"><span class='ocrx_word' id='word_1_111' title='bbox 513 2465 703 2519; x_wconf 85' lang='lat' dir='ltr'><strong>dicium</strong></span> <span class='ocrx_word' id='word_1_112' title='bbox 731 2468 999 2523; x_wconf 78' lang='lat' dir='ltr'><strong>exhibent.</strong></span> <span class='ocrx_word' id='word_1_113' title='bbox 1036 2469 1119 2523; x_wconf 84' lang='lat' dir='ltr'><strong>Ita</strong></span> <span class='ocrx_word' id='word_1_114' title='bbox 1146 2470 1306 2523; x_wconf 81' lang='lat' dir='ltr'><strong>etiam</strong></span> <span class='ocrx_word' id='word_1_115' title='bbox 1342 2472 1392 2524; x_wconf 89' lang='lat' dir='ltr'><em>T</em></span> <span class='ocrx_word' id='word_1_116' title='bbox 1396 2471 1426 2523; x_wconf 81' lang='lat'><strong>72</strong></span> <span class='ocrx_word' id='word_1_117' title='bbox 1440 2473 1579 2525; x_wconf 76' lang='lat' dir='ltr'><strong>o⁸luc</strong></span> <span class='ocrx_word' id='word_1_118' title='bbox 1595 2471 1737 2523; x_wconf 76' lang='lat' dir='ltr'><strong>kius</strong></span> <span class='ocrx_word' id='word_1_119' title='bbox 1761 2469 1884 2534; x_wconf 80' lang='lat' dir='ltr'><strong>(Die</strong></span> <span class='ocrx_word' id='word_1_120' title='bbox 1907 2471 2192 2537; x_wconf 79' lang='lat' dir='ltr'><strong>Prophelen</strong></span> <span class='ocrx_word' id='word_1_121' title='bbox 2218 2472 2326 2522; x_wconf 82' lang='lat' dir='ltr'><strong>und</strong></span> <span class='ocrx_word' id='word_1_122' title='bbox 2352 2471 2462 2522; x_wconf 76' lang='lat' dir='ltr'><strong>ihre</strong></span> <span class='ocrx_word' id='word_1_123' title='bbox 2502 2467 2819 2536; x_wconf 68' lang='lat' dir='ltr'><strong>Vl&#39;eissayun·</strong></span> 
     </span>
     <span class='ocr_line' id='line_1_19' title="bbox 513 2555 1537 2625; baseline 0.003 -19"><span class='ocrx_word' id='word_1_124' title='bbox 513 2571 623 2622; x_wconf 78' lang='lat' dir='ltr'><strong>qen.</strong></span> <span class='ocrx_word' id='word_1_125' title='bbox 682 2571 735 2623; x_wconf 87' lang='lat' dir='ltr'><strong>p.</strong></span> <span class='ocrx_word' id='word_1_126' title='bbox 766 2557 854 2620; x_wconf 83' lang='lat'><strong>65)</strong></span> <span class='ocrx_word' id='word_1_127' title='bbox 890 2555 1031 2608; x_wconf 88' lang='lat' dir='ltr'><strong>hunc</strong></span> <span class='ocrx_word' id='word_1_128' title='bbox 1063 2555 1236 2609; x_wconf 90' lang='lat' dir='ltr'><strong>locum</strong></span> <span class='ocrx_word' id='word_1_129' title='bbox 1271 2555 1537 2625; x_wconf 83' lang='lat' dir='ltr'><strong>intelligit.</strong></span> 
     </span>
    </p>

    <p class='ocr_par' dir='ltr' id='par_1_7' title="bbox 649 2641 2117 2712">
     <span class='ocr_line' id='line_1_20' title="bbox 649 2641 2117 2712; baseline 0.001 -19"><span class='ocrx_word' id='word_1_130' title='bbox 649 2641 669 2679; x_wconf 90' lang='lat'><em>1</em></span> <span class='ocrx_word' id='word_1_131' title='bbox 715 2641 983 2694; x_wconf 74' lang='lat' dir='ltr'><strong>Lehrbuch</strong></span> <span class='ocrx_word' id='word_1_132' title='bbox 1019 2644 1110 2695; x_wconf 86' lang='lat' dir='ltr'><strong>der</strong></span> <span class='ocrx_word' id='word_1_133' title='bbox 1145 2642 1682 2712; x_wconf 74' lang='lat' dir='ltr'><strong>Doqmenyeschichte.</strong></span> <span class='ocrx_word' id='word_1_134' title='bbox 1748 2641 1830 2695; x_wconf 85' lang='lat' dir='ltr'><strong>cd.</strong></span> <span class='ocrx_word' id='word_1_135' title='bbox 1857 2641 1919 2707; x_wconf 90' lang='lat' dir='ltr'><strong>V,</strong></span> <span class='ocrx_word' id='word_1_136' title='bbox 1955 2656 2007 2708; x_wconf 91' lang='lat' dir='ltr'><strong>p.</strong></span> <span class='ocrx_word' id='word_1_137' title='bbox 2035 2641 2117 2695; x_wconf 68' lang='lat'><strong>62¹.</strong></span> 
     </span>
    </p>

    <p class='ocr_par' dir='ltr' id='par_1_8' title="bbox 647 2726 1303 2781">
     <span class='ocr_line' id='line_1_21' title="bbox 647 2726 1303 2781; baseline 0.002 -1"><span class='ocrx_word' id='word_1_138' title='bbox 647 2726 672 2767; x_wconf 84' lang='lat'>²</span> <span class='ocrx_word' id='word_1_139' title='bbox 713 2727 796 2780; x_wconf 82' lang='lat' dir='ltr'><strong>De</strong></span> <span class='ocrx_word' id='word_1_140' title='bbox 830 2730 1005 2780; x_wconf 82' lang='lat' dir='ltr'><strong>anima</strong></span> <span class='ocrx_word' id='word_1_141' title='bbox 1042 2741 1086 2780; x_wconf 81' lang='lat' dir='ltr'><strong>c,</strong></span> <span class='ocrx_word' id='word_1_142' title='bbox 1113 2728 1195 2781; x_wconf 79' lang='lat'><strong>22.</strong></span> <span class='ocrx_word' id='word_1_143' title='bbox 1221 2729 1303 2781; x_wconf 81' lang='lat'><strong>27.</strong></span> 
     </span>
    </p>

    <p class='ocr_par' dir='ltr' id='par_1_9' title="bbox 503 2810 2821 3378">
     <span class='ocr_line' id='line_1_22' title="bbox 646 2810 2820 2882; baseline -0 -18"><span class='ocrx_word' id='word_1_144' title='bbox 646 2813 671 2852; x_wconf 81' lang='grc'><strong>3</strong></span> <span class='ocrx_word' id='word_1_145' title='bbox 718 2812 794 2865; x_wconf 86' lang='lat' dir='ltr'><strong>De</strong></span> <span class='ocrx_word' id='word_1_146' title='bbox 827 2816 1005 2866; x_wconf 82' lang='lat' dir='ltr'><strong>anima</strong></span> <span class='ocrx_word' id='word_1_147' title='bbox 1041 2828 1084 2866; x_wconf 90' lang='lat' dir='ltr'><strong>c.</strong></span> <span class='ocrx_word' id='word_1_148' title='bbox 1113 2813 1194 2865; x_wconf 73' lang='lat'><strong>24.</strong></span> <span class='ocrx_word' id='word_1_149' title='bbox 1232 2811 1315 2876; x_wconf 90' lang='lat' dir='ltr'><strong>(T.</strong></span> <span class='ocrx_word' id='word_1_150' title='bbox 1343 2811 1411 2879; x_wconf 88' lang='grc' dir='ltr'><strong>ΙΙ,</strong></span> <span class='ocrx_word' id='word_1_151' title='bbox 1450 2830 1503 2882; x_wconf 89' lang='lat' dir='ltr'><strong>p.</strong></span> <span class='ocrx_word' id='word_1_152' title='bbox 1531 2814 1677 2878; x_wconf 84' lang='lat'>594):</span> <span class='ocrx_word' id='word_1_153' title='bbox 1725 2811 1901 2866; x_wconf 88' lang='lat' dir='ltr'><strong>Multa</strong></span> <span class='ocrx_word' id='word_1_154' title='bbox 1938 2810 2260 2865; x_wconf 89' lang='lat' dir='ltr'><strong>documenta</strong></span> <span class='ocrx_word' id='word_1_155' title='bbox 2295 2810 2673 2864; x_wconf 86' lang='lat' dir='ltr'><strong>divinationem</strong></span> <span class='ocrx_word' id='word_1_156' title='bbox 2710 2810 2820 2863; x_wconf 89' lang='lat' dir='ltr'><strong>ani-</strong></span> 
     </span>
     <span class='ocr_line' id='line_1_23' title="bbox 513 2895 2820 2966; baseline 0 -18"><span class='ocrx_word' id='word_1_157' title='bbox 513 2911 630 2950; x_wconf 86' lang='lat' dir='ltr'><strong>mae</strong></span> <span class='ocrx_word' id='word_1_158' title='bbox 664 2896 1043 2965; x_wconf 88' lang='lat' dir='ltr'><strong>probaverunt.</strong></span> <span class='ocrx_word' id='word_1_159' title='bbox 1105 2896 1214 2951; x_wconf 88' lang='lat' dir='ltr'><strong>Sed</strong></span> <span class='ocrx_word' id='word_1_160' title='bbox 1237 2912 1338 2951; x_wconf 86' lang='lat' dir='ltr'><strong>nec</strong></span> <span class='ocrx_word' id='word_1_161' title='bbox 1360 2897 1644 2966; x_wconf 85' lang='lat' dir='ltr'><strong>quisquam</strong></span> <span class='ocrx_word' id='word_1_162' title='bbox 1679 2898 1950 2951; x_wconf 90' lang='lat' dir='ltr'><strong>hominum</strong></span> <span class='ocrx_word' id='word_1_163' title='bbox 1986 2912 2094 2950; x_wconf 92' lang='lat' dir='ltr'><strong>non</strong></span> <span class='ocrx_word' id='word_1_164' title='bbox 2130 2902 2186 2951; x_wconf 88' lang='lat' dir='ltr'><strong>et</strong></span> <span class='ocrx_word' id='word_1_165' title='bbox 2206 2897 2322 2966; x_wconf 87' lang='lat' dir='ltr'><strong>ipse</strong></span> <span class='ocrx_word' id='word_1_166' title='bbox 2348 2895 2636 2964; x_wconf 85' lang='lat' dir='ltr'><strong>aliquando</strong></span> <span class='ocrx_word' id='word_1_167' title='bbox 2660 2911 2820 2964; x_wconf 88' lang='lat' dir='ltr'><strong>prae-</strong></span> 
     </span>
     <span class='ocr_line' id='line_1_24' title="bbox 510 2981 2820 3053; baseline 0 -19"><span class='ocrx_word' id='word_1_168' title='bbox 510 2996 691 3050; x_wconf 85' lang='lat' dir='ltr'><strong>sagam</strong></span> <span class='ocrx_word' id='word_1_169' title='bbox 722 2983 953 3035; x_wconf 88' lang='lat' dir='ltr'><strong>animam</strong></span> <span class='ocrx_word' id='word_1_170' title='bbox 977 2998 1128 3035; x_wconf 85' lang='lat' dir='ltr'><strong>suam</strong></span> <span class='ocrx_word' id='word_1_171' title='bbox 1163 2983 1328 3036; x_wconf 89' lang='lat' dir='ltr'><strong>sentit</strong></span> <span class='ocrx_word' id='word_1_172' title='bbox 1362 2988 1456 3035; x_wconf 86' lang='lat' dir='ltr'><strong>aut</strong></span> <span class='ocrx_word' id='word_1_173' title='bbox 1491 2983 1682 3037; x_wconf 87' lang='lat' dir='ltr'><strong>ominis</strong></span> <span class='ocrx_word' id='word_1_174' title='bbox 1720 2990 1812 3037; x_wconf 85' lang='lat' dir='ltr'><strong>aut</strong></span> <span class='ocrx_word' id='word_1_175' title='bbox 1843 2982 2069 3053; x_wconf 87' lang='lat' dir='ltr'><strong>periculi</strong></span> <span class='ocrx_word' id='word_1_176' title='bbox 2105 2987 2200 3035; x_wconf 87' lang='lat' dir='ltr'><strong>aut</strong></span> <span class='ocrx_word' id='word_1_177' title='bbox 2232 2981 2416 3050; x_wconf 85' lang='lat' dir='ltr'><strong>gaudii</strong></span> <span class='ocrx_word' id='word_1_178' title='bbox 2451 2997 2724 3050; x_wconf 84' lang='lat' dir='ltr'><strong>augurem.</strong></span> <span class='ocrx_word' id='word_1_179' title='bbox 2750 3011 2820 3020; x_wconf 90' lang='lat'><strong>—-</strong></span> 
     </span>
     <span class='ocr_line' id='line_1_25' title="bbox 513 3064 2819 3136; baseline -0 -16"><span class='ocrx_word' id='word_1_180' title='bbox 513 3072 640 3123; x_wconf 73' lang='lat' dir='ltr'><strong>Ado.</strong></span> <span class='ocrx_word' id='word_1_181' title='bbox 670 3070 843 3122; x_wconf 85' lang='lat' dir='ltr'><strong>Marc.</strong></span> <span class='ocrx_word' id='word_1_182' title='bbox 870 3068 950 3133; x_wconf 89' lang='grc' dir='ltr'><strong>Π,</strong></span> <span class='ocrx_word' id='word_1_183' title='bbox 979 3072 1008 3119; x_wconf 88' lang='lat'>9</span> <span class='ocrx_word' id='word_1_184' title='bbox 1047 3067 1131 3132; x_wconf 89' lang='lat' dir='ltr'><strong>(T.</strong></span> <span class='ocrx_word' id='word_1_185' title='bbox 1158 3067 1227 3134; x_wconf 87' lang='lat'><strong>11,</strong></span> <span class='ocrx_word' id='word_1_186' title='bbox 1263 3084 1314 3136; x_wconf 91' lang='lat' dir='ltr'><strong>p.</strong></span> <span class='ocrx_word' id='word_1_187' title='bbox 1344 3073 1456 3134; x_wconf 78' lang='lat' dir='ltr'><strong>95J:</strong></span> <span class='ocrx_word' id='word_1_188' title='bbox 1505 3068 1568 3120; x_wconf 91' lang='lat' dir='ltr'><strong>In</strong></span> <span class='ocrx_word' id='word_1_189' title='bbox 1604 3067 1709 3122; x_wconf 89' lang='lat' dir='ltr'><strong>hoc</strong></span> <span class='ocrx_word' id='word_1_190' title='bbox 1746 3069 1849 3123; x_wconf 90' lang='lat' dir='ltr'><strong>erit</strong></span> <span class='ocrx_word' id='word_1_191' title='bbox 1882 3070 2057 3136; x_wconf 85' lang='lat' dir='ltr'><strong>imago</strong></span> <span class='ocrx_word' id='word_1_192' title='bbox 2103 3068 2276 3120; x_wconf 90' lang='lat' dir='ltr'><strong>minor</strong></span> <span class='ocrx_word' id='word_1_193' title='bbox 2309 3067 2538 3121; x_wconf 86' lang='lat' dir='ltr'><strong>veritate</strong></span> <span class='ocrx_word' id='word_1_194' title='bbox 2575 3073 2631 3121; x_wconf 90' lang='lat' dir='ltr'><strong>et</strong></span> <span class='ocrx_word' id='word_1_195' title='bbox 2665 3064 2819 3120; x_wconf 79' lang='lat' dir='ltr'><strong>asfla-</strong></span> 
     </span>
     <span class='ocr_line' id='line_1_26' title="bbox 512 3151 2818 3221; baseline 0 -17"><span class='ocrx_word' id='word_1_196' title='bbox 512 3157 595 3204; x_wconf 89' lang='lat' dir='ltr'><strong>tus</strong></span> <span class='ocrx_word' id='word_1_197' title='bbox 631 3151 822 3220; x_wconf 87' lang='lat' dir='ltr'><strong>spiritu</strong></span> <span class='ocrx_word' id='word_1_198' title='bbox 854 3151 1090 3220; x_wconf 88' lang='lat' dir='ltr'><strong>inferior,</strong></span> <span class='ocrx_word' id='word_1_199' title='bbox 1128 3153 1335 3208; x_wconf 86' lang='lat' dir='ltr'><strong>habens</strong></span> <span class='ocrx_word' id='word_1_200' title='bbox 1372 3154 1495 3208; x_wconf 87' lang='lat' dir='ltr'><strong>illas</strong></span> <span class='ocrx_word' id='word_1_201' title='bbox 1531 3154 1716 3221; x_wconf 89' lang='lat' dir='ltr'><strong>utique</strong></span> <span class='ocrx_word' id='word_1_202' title='bbox 1752 3155 1923 3208; x_wconf 87' lang='lat' dir='ltr'><strong>lineas</strong></span> <span class='ocrx_word' id='word_1_203' title='bbox 1957 3154 2088 3221; x_wconf 91' lang='lat' dir='ltr'><strong>Dei,</strong></span> <span class='ocrx_word' id='word_1_204' title='bbox 2130 3169 2236 3221; x_wconf 86' lang='lat' dir='ltr'><strong>qua</strong></span> <span class='ocrx_word' id='word_1_205' title='bbox 2271 3153 2586 3207; x_wconf 85' lang='lat' dir='ltr'><strong>immortalis</strong></span> <span class='ocrx_word' id='word_1_206' title='bbox 2622 3153 2818 3218; x_wconf 87' lang='lat' dir='ltr'><strong>anima,</strong></span> 
     </span>
     <span class='ocr_line' id='line_1_27' title="bbox 514 3237 2821 3309; baseline 0 -19"><span class='ocrx_word' id='word_1_207' title='bbox 514 3252 620 3304; x_wconf 90' lang='lat' dir='ltr'><strong>qua</strong></span> <span class='ocrx_word' id='word_1_208' title='bbox 652 3237 826 3291; x_wconf 85' lang='lat' dir='ltr'><strong>libera</strong></span> <span class='ocrx_word' id='word_1_209' title='bbox 862 3245 917 3291; x_wconf 88' lang='lat' dir='ltr'><strong>et</strong></span> <span class='ocrx_word' id='word_1_210' title='bbox 951 3238 1035 3291; x_wconf 91' lang='lat' dir='ltr'><strong>sui</strong></span> <span class='ocrx_word' id='word_1_211' title='bbox 1069 3239 1305 3306; x_wconf 85' lang='lat' dir='ltr'><strong>arbitrii,</strong></span> <span class='ocrx_word' id='word_1_212' title='bbox 1356 3255 1462 3308; x_wconf 85' lang='lat' dir='ltr'><strong>qua</strong></span> <span class='ocrx_word' id='word_1_213' title='bbox 1496 3240 1745 3309; x_wconf 85' lang='lat' dir='ltr'><strong>praescia</strong></span> <span class='ocrx_word' id='word_1_214' title='bbox 1779 3241 2120 3308; x_wconf 87' lang='lat' dir='ltr'><strong>plerumque,</strong></span> <span class='ocrx_word' id='word_1_215' title='bbox 2161 3255 2268 3308; x_wconf 92' lang='lat' dir='ltr'><strong>qua</strong></span> <span class='ocrx_word' id='word_1_216' title='bbox 2300 3238 2604 3305; x_wconf 86' lang='lat' dir='ltr'><strong>rationalis,</strong></span> <span class='ocrx_word' id='word_1_217' title='bbox 2646 3253 2821 3306; x_wconf 84' lang='lat' dir='ltr'><strong>capax</strong></span> 
     </span>
     <span class='ocr_line' id='line_1_28' title="bbox 503 3321 1203 3378; baseline 0.001 -3"><span class='ocrx_word' id='word_1_218' title='bbox 503 3321 805 3377; x_wconf 89' lang='lat' dir='ltr'><strong>intellectus</strong></span> <span class='ocrx_word' id='word_1_219' title='bbox 843 3329 897 3377; x_wconf 92' lang='lat' dir='ltr'><strong>et</strong></span> <span class='ocrx_word' id='word_1_220' title='bbox 930 3323 1203 3378; x_wconf 85' lang='lat' dir='ltr'><strong>scientiae.</strong></span> 
     </span>
    </p>

    <p class='ocr_par' dir='ltr' id='par_1_10' title="bbox 507 3407 2820 4338">
     <span class='ocr_line' id='line_1_29' title="bbox 647 3407 2820 3484; baseline -0 -22"><span class='ocrx_word' id='word_1_221' title='bbox 647 3409 673 3449; x_wconf 77' lang='lat'><strong>⁴</strong></span> <span class='ocrx_word' id='word_1_222' title='bbox 737 3412 865 3471; x_wconf 78' lang='lat' dir='ltr'><strong>Quis</strong></span> <span class='ocrx_word' id='word_1_223' title='bbox 896 3429 993 3464; x_wconf 87' lang='lat' dir='ltr'><strong>rer.</strong></span> <span class='ocrx_word' id='word_1_224' title='bbox 1033 3413 1135 3464; x_wconf 77' lang='lat' dir='ltr'><strong>div.</strong></span> <span class='ocrx_word' id='word_1_225' title='bbox 1174 3412 1311 3465; x_wconf 77' lang='lat' dir='ltr'><strong>haer.</strong></span> <span class='ocrx_word' id='word_1_226' title='bbox 1352 3411 1412 3464; x_wconf 89' lang='lat' dir='ltr'><strong>T.</strong></span> <span class='ocrx_word' id='word_1_227' title='bbox 1438 3411 1491 3478; x_wconf 87' lang='grc' dir='ltr'><strong>Ι,</strong></span> <span class='ocrx_word' id='word_1_228' title='bbox 1528 3429 1581 3480; x_wconf 91' lang='lat' dir='ltr'><strong>p.</strong></span> <span class='ocrx_word' id='word_1_229' title='bbox 1608 3413 1735 3464; x_wconf 86' lang='lat'>510:</span> <span class='ocrx_word' id='word_1_230' title='bbox 1777 3411 1890 3464; x_wconf 86' lang='grc' dir='ltr'><strong>Καὶ</strong></span> <span class='ocrx_word' id='word_1_231' title='bbox 1926 3413 2095 3465; x_wconf 82' lang='grc' dir='ltr'><em>παντὶ</em></span> <span class='ocrx_word' id='word_1_232' title='bbox 2134 3411 2195 3465; x_wconf 79' lang='grc' dir='ltr'><strong>δὲ</strong></span> <span class='ocrx_word' id='word_1_233' title='bbox 2236 3407 2519 3484; x_wconf 76' lang='grc' dir='ltr'><em>ἀνθρώπῳ</em></span> <span class='ocrx_word' id='word_1_234' title='bbox 2551 3408 2751 3482; x_wconf 72' lang='grc' dir='ltr'><em>ἀστείῳ</em></span> <span class='ocrx_word' id='word_1_235' title='bbox 2792 3407 2820 3462; x_wconf 81' lang='grc' dir='ltr'><strong>ὃ</strong></span> 
     </span>
     <span class='ocr_line' id='line_1_30' title="bbox 511 3489 2820 3568; baseline 0.001 -24"><span class='ocrx_word' id='word_1_236' title='bbox 511 3489 658 3561; x_wconf 79' lang='grc' dir='ltr'><strong><em>ἱερὸς</em></strong></span> <span class='ocrx_word' id='word_1_237' title='bbox 705 3491 866 3565; x_wconf 78' lang='grc' dir='ltr'><strong><em>λόγος</em></strong></span> <span class='ocrx_word' id='word_1_238' title='bbox 908 3496 1264 3565; x_wconf 77' lang='grc' dir='ltr'><em>προφητείαν</em></span> <span class='ocrx_word' id='word_1_239' title='bbox 1309 3500 1593 3568; x_wconf 80' lang='grc' dir='ltr'><em>μαρτυρεῖ.</em></span> <span class='ocrx_word' id='word_1_240' title='bbox 1636 3526 1705 3536; x_wconf 89' lang='grc'>-</span> <span class='ocrx_word' id='word_1_241' title='bbox 1748 3499 1895 3552; x_wconf 78' lang='lat' dir='ltr'><strong>Diaz.</strong></span> <span class='ocrx_word' id='word_1_242' title='bbox 1934 3515 1975 3551; x_wconf 89' lang='lat' dir='ltr'><strong>c.</strong></span> <span class='ocrx_word' id='word_1_243' title='bbox 2011 3500 2099 3552; x_wconf 88' lang='lat' dir='ltr'><strong>Tr.</strong></span> <span class='ocrx_word' id='word_1_244' title='bbox 2138 3514 2181 3552; x_wconf 89' lang='lat' dir='ltr'><strong>c.</strong></span> <span class='ocrx_word' id='word_1_245' title='bbox 2212 3501 2257 3565; x_wconf 86' lang='lat'><strong>7,</strong></span> <span class='ocrx_word' id='word_1_246' title='bbox 2304 3513 2356 3565; x_wconf 90' lang='lat' dir='ltr'><strong>p.</strong></span> <span class='ocrx_word' id='word_1_247' title='bbox 2384 3500 2475 3549; x_wconf 87' lang='lat'><strong>30:</strong></span> <span class='ocrx_word' id='word_1_248' title='bbox 2522 3489 2820 3566; x_wconf 80' lang='grc' dir='ltr'><strong>Ἐγένοντό</strong></span> 
     </span>
     <span class='ocr_line' id='line_1_31' title="bbox 510 3565 2819 3653; baseline 0 -23"><span class='ocrx_word' id='word_1_249' title='bbox 510 3596 651 3637; x_wconf 79' lang='grc' dir='ltr'><em>τινες</em></span> <span class='ocrx_word' id='word_1_250' title='bbox 683 3576 795 3650; x_wconf 81' lang='grc' dir='ltr'><strong>πρὸ</strong></span> <span class='ocrx_word' id='word_1_251' title='bbox 831 3581 1032 3634; x_wconf 76' lang='grc' dir='ltr'><strong>πολλοῦ</strong></span> <span class='ocrx_word' id='word_1_252' title='bbox 1069 3577 1272 3649; x_wconf 80' lang='grc' dir='ltr'><strong><em>χρόνου</em></strong></span> <span class='ocrx_word' id='word_1_253' title='bbox 1309 3578 1536 3635; x_wconf 81' lang='grc' dir='ltr'><em>πάντων</em></span> <span class='ocrx_word' id='word_1_254' title='bbox 1557 3578 1763 3635; x_wconf 75' lang='grc' dir='ltr'><em>τούτων</em></span> <span class='ocrx_word' id='word_1_255' title='bbox 1798 3584 1906 3634; x_wconf 83' lang='grc' dir='ltr'><strong>τῶν</strong></span> <span class='ocrx_word' id='word_1_256' title='bbox 1931 3565 2312 3653; x_wconf 73' lang='grc' dir='ltr'><strong>νομιζομένών</strong></span> <span class='ocrx_word' id='word_1_257' title='bbox 2348 3578 2682 3651; x_wconf 71' lang='grc' dir='ltr'><em>φιλοσόφων</em></span> <span class='ocrx_word' id='word_1_258' title='bbox 2716 3599 2819 3633; x_wconf 81' lang='grc' dir='ltr'><strong>πα-</strong></span> 
     </span>
     <span class='ocr_line' id='line_1_32' title="bbox 513 3660 2815 3740; baseline 0.001 -24"><span class='ocrx_word' id='word_1_259' title='bbox 513 3662 808 3736; x_wconf 82' lang='grc' dir='ltr'><em>λαιότεροι,</em></span> <span class='ocrx_word' id='word_1_260' title='bbox 844 3664 1112 3737; x_wconf 76' lang='grc' dir='ltr'><strong>μακάριοι</strong></span> <span class='ocrx_word' id='word_1_261' title='bbox 1146 3668 1241 3719; x_wconf 80' lang='grc' dir='ltr'><strong>καὶ</strong></span> <span class='ocrx_word' id='word_1_262' title='bbox 1278 3668 1541 3720; x_wconf 78' lang='grc' dir='ltr'><strong>δίκαιοι</strong></span> <span class='ocrx_word' id='word_1_263' title='bbox 1587 3668 1697 3720; x_wconf 86' lang='grc' dir='ltr'><strong>καὶ</strong></span> <span class='ocrx_word' id='word_1_264' title='bbox 1745 3668 2132 3737; x_wconf 72' lang='grc' dir='ltr'><em>θεοφιλεῖς,</em></span> <span class='ocrx_word' id='word_1_265' title='bbox 2172 3668 2313 3740; x_wconf 77' lang='grc' dir='ltr'><strong>θείῳ</strong></span> <span class='ocrx_word' id='word_1_266' title='bbox 2351 3663 2622 3739; x_wconf 75' lang='grc' dir='ltr'><em>πνεύματι</em></span> <span class='ocrx_word' id='word_1_267' title='bbox 2657 3660 2815 3736; x_wconf 82' lang='grc' dir='ltr'><em>λαλή·</em></span> 
     </span>
     <span class='ocr_line' id='line_1_33' title="bbox 511 3747 2820 3824; baseline 0.002 -24"><span class='ocrx_word' id='word_1_268' title='bbox 511 3767 702 3808; x_wconf 78' lang='grc' dir='ltr'><em>σαντες</em></span> <span class='ocrx_word' id='word_1_269' title='bbox 736 3751 832 3804; x_wconf 79' lang='grc' dir='ltr'><strong>καὶ</strong></span> <span class='ocrx_word' id='word_1_270' title='bbox 867 3747 936 3803; x_wconf 79' lang='grc' dir='ltr'><strong>τὰ</strong></span> <span class='ocrx_word' id='word_1_271' title='bbox 969 3750 1241 3821; x_wconf 80' lang='grc' dir='ltr'><em>μέλλοντα</em></span> <span class='ocrx_word' id='word_1_272' title='bbox 1279 3754 1672 3817; x_wconf 75' lang='grc' dir='ltr'><em>θεσπίσαντες,</em></span> <span class='ocrx_word' id='word_1_273' title='bbox 1712 3750 1746 3803; x_wconf 76' lang='grc' dir='ltr'><em>ἃ</em></span> <span class='ocrx_word' id='word_1_274' title='bbox 1782 3748 1849 3821; x_wconf 77' lang='grc' dir='ltr'><strong>δὴ</strong></span> <span class='ocrx_word' id='word_1_275' title='bbox 1888 3755 1989 3805; x_wconf 75' lang='grc' dir='ltr'><strong>νῦν</strong></span> <span class='ocrx_word' id='word_1_276' title='bbox 2024 3754 2264 3822; x_wconf 78' lang='grc' dir='ltr'><em>γίνεται·</em></span> <span class='ocrx_word' id='word_1_277' title='bbox 2298 3748 2589 3824; x_wconf 79' lang='grc' dir='ltr'><strong><em>προφήτας</em></strong></span> <span class='ocrx_word' id='word_1_278' title='bbox 2626 3751 2690 3805; x_wconf 76' lang='grc' dir='ltr'><strong>δὲ</strong></span> <span class='ocrx_word' id='word_1_279' title='bbox 2729 3749 2820 3805; x_wconf 80' lang='grc' dir='ltr'><strong>αὖ·</strong></span> 
     </span>
     <span class='ocr_line' id='line_1_34' title="bbox 511 3828 2813 3910; baseline 0.002 -24"><span class='ocrx_word' id='word_1_280' title='bbox 511 3830 631 3894; x_wconf 65' lang='grc' dir='ltr'><strong>τοὺς</strong></span> <span class='ocrx_word' id='word_1_281' title='bbox 664 3836 946 3891; x_wconf 76' lang='grc' dir='ltr'><em>καλοῦσιν.</em></span> <span class='ocrx_word' id='word_1_282' title='bbox 1023 3828 1182 3889; x_wconf 74' lang='grc' dir='ltr'><em>Οὗτοι</em></span> <span class='ocrx_word' id='word_1_283' title='bbox 1224 3834 1387 3910; x_wconf 80' lang='grc' dir='ltr'>μόνοι</span> <span class='ocrx_word' id='word_1_284' title='bbox 1422 3833 1482 3891; x_wconf 85' lang='grc' dir='ltr'><strong>τὸ</strong></span> <span class='ocrx_word' id='word_1_285' title='bbox 1520 3836 1726 3908; x_wconf 72' lang='grc' dir='ltr'><em>ἀληθὲς</em></span> <span class='ocrx_word' id='word_1_286' title='bbox 1759 3839 1854 3891; x_wconf 83' lang='grc' dir='ltr'><strong>καὶ</strong></span> <span class='ocrx_word' id='word_1_287' title='bbox 1890 3832 2047 3891; x_wconf 77' lang='grc' dir='ltr'><strong>εἶδον</strong></span> <span class='ocrx_word' id='word_1_288' title='bbox 2081 3839 2178 3891; x_wconf 80' lang='grc' dir='ltr'><strong>καὶ</strong></span> <span class='ocrx_word' id='word_1_289' title='bbox 2211 3833 2435 3896; x_wconf 77' lang='grc' dir='ltr'><em>ἐξεῖπον</em></span> <span class='ocrx_word' id='word_1_290' title='bbox 2470 3834 2813 3908; x_wconf 75' lang='grc' dir='ltr'><strong>ἀνθρώποις,</strong></span> 
     </span>
     <span class='ocr_line' id='line_1_35' title="bbox 511 3915 2817 3997; baseline 0.002 -24"><span class='ocrx_word' id='word_1_291' title='bbox 511 3915 632 3990; x_wconf 80' lang='grc' dir='ltr'><em>μήτ’</em></span> <span class='ocrx_word' id='word_1_292' title='bbox 680 3918 1079 3991; x_wconf 72' lang='grc' dir='ltr'><strong>εὐλαβηθέντες</strong></span> <span class='ocrx_word' id='word_1_293' title='bbox 1121 3917 1260 3995; x_wconf 80' lang='grc' dir='ltr'><em>μήτε</em></span> <span class='ocrx_word' id='word_1_294' title='bbox 1316 3923 1744 3992; x_wconf 75' lang='grc' dir='ltr'><strong>δυσωπηθέντες</strong></span> <span class='ocrx_word' id='word_1_295' title='bbox 1788 3919 1939 3987; x_wconf 76' lang='grc' dir='ltr'><em>τινά,</em></span> <span class='ocrx_word' id='word_1_296' title='bbox 1984 3920 2061 3996; x_wconf 87' lang='grc' dir='ltr'><strong>μὴ</strong></span> <span class='ocrx_word' id='word_1_297' title='bbox 2099 3921 2389 3997; x_wconf 77' lang='grc' dir='ltr'><em>ἡττημένοι</em></span> <span class='ocrx_word' id='word_1_298' title='bbox 2443 3920 2632 3994; x_wconf 76' lang='grc' dir='ltr'><em>δόξης,</em></span> <span class='ocrx_word' id='word_1_299' title='bbox 2681 3921 2817 3977; x_wconf 74' lang='grc' dir='ltr'><em>ἀλλὰ</em></span> 
     </span>
     <span class='ocr_line' id='line_1_36' title="bbox 507 3999 2811 4084; baseline 0.003 -27"><span class='ocrx_word' id='word_1_300' title='bbox 507 3999 650 4075; x_wconf 79' lang='grc' dir='ltr'><em>μόνα</em></span> <span class='ocrx_word' id='word_1_301' title='bbox 683 4009 852 4060; x_wconf 76' lang='grc' dir='ltr'><em>ταῦτα</em></span> <span class='ocrx_word' id='word_1_302' title='bbox 887 4002 1140 4065; x_wconf 77' lang='grc' dir='ltr'><em>εἰπόντες</em></span> <span class='ocrx_word' id='word_1_303' title='bbox 1177 4007 1211 4060; x_wconf 76' lang='grc' dir='ltr'><em>ἃ</em></span> <span class='ocrx_word' id='word_1_304' title='bbox 1248 4007 1492 4078; x_wconf 79' lang='grc' dir='ltr'><em>ἤκουσαν</em></span> <span class='ocrx_word' id='word_1_305' title='bbox 1527 4013 1621 4062; x_wconf 83' lang='grc' dir='ltr'><strong>καὶ</strong></span> <span class='ocrx_word' id='word_1_306' title='bbox 1658 4007 1692 4061; x_wconf 78' lang='grc' dir='ltr'><em>ἃ</em></span> <span class='ocrx_word' id='word_1_307' title='bbox 1729 4005 1884 4063; x_wconf 78' lang='grc' dir='ltr'><strong><em>εἶδον</em></strong></span> <span class='ocrx_word' id='word_1_308' title='bbox 1921 4007 2067 4084; x_wconf 74' lang='grc' dir='ltr'><strong>ἁγίῳ</strong></span> <span class='ocrx_word' id='word_1_309' title='bbox 2104 4007 2491 4079; x_wconf 76' lang='grc' dir='ltr'><em>πληρωθέντες</em></span> <span class='ocrx_word' id='word_1_310' title='bbox 2521 4005 2811 4082; x_wconf 75' lang='grc' dir='ltr'><em>πνεύματι.</em></span> 
     </span>
     <span class='ocr_line' id='line_1_37' title="bbox 511 4091 2816 4166; baseline 0.001 -21"><span class='ocrx_word' id='word_1_311' title='bbox 511 4120 577 4131; x_wconf 90' lang='lat'><strong>—-</strong></span> <span class='ocrx_word' id='word_1_312' title='bbox 624 4096 709 4146; x_wconf 79' lang='lat' dir='ltr'><strong>Ad</strong></span> <span class='ocrx_word' id='word_1_313' title='bbox 747 4097 915 4147; x_wconf 77' lang='lat' dir='ltr'><strong>Autol.</strong></span> <span class='ocrx_word' id='word_1_314' title='bbox 941 4093 1017 4159; x_wconf 90' lang='lat' dir='ltr'><strong>H,</strong></span> <span class='ocrx_word' id='word_1_315' title='bbox 1048 4097 1106 4159; x_wconf 83' lang='lat'><strong>9,</strong></span> <span class='ocrx_word' id='word_1_316' title='bbox 1153 4110 1203 4162; x_wconf 89' lang='lat' dir='ltr'><strong>p.</strong></span> <span class='ocrx_word' id='word_1_317' title='bbox 1236 4097 1322 4146; x_wconf 77' lang='lat'><strong>76:</strong></span> <span class='ocrx_word' id='word_1_318' title='bbox 1383 4094 1447 4146; x_wconf 79' lang='lat' dir='ltr'><strong>ot</strong></span> <span class='ocrx_word' id='word_1_319' title='bbox 1480 4092 1543 4147; x_wconf 78' lang='grc' dir='ltr'><strong>δὲ</strong></span> <span class='ocrx_word' id='word_1_320' title='bbox 1575 4096 1670 4148; x_wconf 83' lang='grc' dir='ltr'><strong>τοῦ</strong></span> <span class='ocrx_word' id='word_1_321' title='bbox 1705 4097 1846 4149; x_wconf 75' lang='grc' dir='ltr'><strong><em>θεοῦ</em></strong></span> <span class='ocrx_word' id='word_1_322' title='bbox 1892 4094 2187 4166; x_wconf 77' lang='grc' dir='ltr'><strong>ἄνθρωποι</strong></span> <span class='ocrx_word' id='word_1_323' title='bbox 2224 4134 2237 4148; x_wconf 90' lang='grc'><strong>.</strong></span> <span class='ocrx_word' id='word_1_324' title='bbox 2267 4138 2279 4152; x_wconf 90' lang='grc'><strong>.</strong></span> <span class='ocrx_word' id='word_1_325' title='bbox 2309 4139 2321 4151; x_wconf 91' lang='grc'><strong>.</strong></span> <span class='ocrx_word' id='word_1_326' title='bbox 2346 4139 2359 4151; x_wconf 93' lang='grc'><strong>.</strong></span> <span class='ocrx_word' id='word_1_327' title='bbox 2398 4091 2654 4165; x_wconf 79' lang='grc' dir='ltr'><strong>ἐγένοντο</strong></span> <span class='ocrx_word' id='word_1_328' title='bbox 2692 4102 2816 4149; x_wconf 77' lang='grc' dir='ltr'><strong><em>θεο-</em></strong></span> 
     </span>
     <span class='ocr_line' id='line_1_38' title="bbox 513 4171 2820 4251; baseline 0.002 -23"><span class='ocrx_word' id='word_1_329' title='bbox 513 4175 760 4230; x_wconf 76' lang='grc' dir='ltr'><strong>δίδακτοι</strong></span> <span class='ocrx_word' id='word_1_330' title='bbox 796 4171 891 4230; x_wconf 82' lang='grc' dir='ltr'><strong>κάὶ</strong></span> <span class='ocrx_word' id='word_1_331' title='bbox 928 4176 1109 4230; x_wconf 81' lang='grc' dir='ltr'><strong><em>ὅσιοι</em></strong></span> <span class='ocrx_word' id='word_1_332' title='bbox 1154 4180 1265 4231; x_wconf 84' lang='grc' dir='ltr'><strong>καὶ</strong></span> <span class='ocrx_word' id='word_1_333' title='bbox 1311 4178 1592 4233; x_wconf 77' lang='grc' dir='ltr'><strong>δίκαιοι.</strong></span> <span class='ocrx_word' id='word_1_334' title='bbox 1666 4175 1792 4233; x_wconf 79' lang='grc' dir='ltr'><strong>Διὸ</strong></span> <span class='ocrx_word' id='word_1_335' title='bbox 1828 4181 1942 4233; x_wconf 80' lang='grc' dir='ltr'><strong>καὶ</strong></span> <span class='ocrx_word' id='word_1_336' title='bbox 1986 4175 2516 4250; x_wconf 76' lang='grc' dir='ltr'><em>κατηξιώθησαν</em></span> <span class='ocrx_word' id='word_1_337' title='bbox 2550 4176 2671 4251; x_wconf 78' lang='grc' dir='ltr'><strong>τὴν</strong></span> <span class='ocrx_word' id='word_1_338' title='bbox 2706 4179 2820 4233; x_wconf 81' lang='grc' dir='ltr'><strong>ἆν-</strong></span> 
     </span>
     <span class='ocr_line' id='line_1_39' title="bbox 510 4259 2392 4338; baseline 0.002 -25"><span class='ocrx_word' id='word_1_339' title='bbox 510 4264 874 4332; x_wconf 76' lang='grc' dir='ltr'><em>τιμισθίαν</em></span> <span class='ocrx_word' id='word_1_340' title='bbox 907 4259 1152 4332; x_wconf 79' lang='grc' dir='ltr'><em>ταύτην</em></span> <span class='ocrx_word' id='word_1_341' title='bbox 1187 4264 1450 4332; x_wconf 80' lang='grc' dir='ltr'><em>λαβεῖν,</em></span> <span class='ocrx_word' id='word_1_342' title='bbox 1488 4263 1753 4335; x_wconf 73' lang='grc' dir='ltr'><em>ὄργανα</em></span> <span class='ocrx_word' id='word_1_343' title='bbox 1789 4268 1956 4319; x_wconf 78' lang='grc' dir='ltr'><strong><em>θεοῦ</em></strong></span> <span class='ocrx_word' id='word_1_344' title='bbox 1996 4264 2392 4338; x_wconf 72' lang='grc' dir='ltr'><strong>γενόμενοι.</strong></span> 
     </span>
    </p>
   </div>
   <div class='ocr_carea' id='block_1_6' title="bbox 637 4349 2819 4508">
    <p class='ocr_par' dir='ltr' id='par_1_11' title="bbox 637 4349 2819 4508">
     <span class='ocr_line' id='line_1_40' title="bbox 637 4349 2819 4421; baseline -0.001 -16"><span class='ocrx_word' id='word_1_345' title='bbox 637 4352 661 4390; x_wconf 69' lang='lat'>⁵</span> <span class='ocrx_word' id='word_1_346' title='bbox 712 4350 821 4420; x_wconf 56' lang='grc' dir='ltr'><em>(Σίν.</em></span> <span class='ocrx_word' id='word_1_347' title='bbox 858 4350 1156 4417; x_wconf 78' lang='lat' dir='ltr'><strong>Irenaeum,</strong></span> <span class='ocrx_word' id='word_1_348' title='bbox 1206 4353 1336 4404; x_wconf 73' lang='lat' dir='ltr'><strong>Ado.</strong></span> <span class='ocrx_word' id='word_1_349' title='bbox 1373 4353 1512 4407; x_wconf 74' lang='lat' dir='ltr'><strong>haer.</strong></span> <span class='ocrx_word' id='word_1_350' title='bbox 1549 4351 1601 4420; x_wconf 87' lang='grc' dir='ltr'><strong>Ι,</strong></span> <span class='ocrx_word' id='word_1_351' title='bbox 1639 4353 1735 4420; x_wconf 85' lang='grc'><strong>28,</strong></span> <span class='ocrx_word' id='word_1_352' title='bbox 1784 4368 1836 4421; x_wconf 93' lang='lat' dir='ltr'><strong>p.</strong></span> <span class='ocrx_word' id='word_1_353' title='bbox 1873 4354 1975 4405; x_wconf 82' lang='lat'><strong>259</strong></span> <span class='ocrx_word' id='word_1_354' title='bbox 2020 4351 2127 4418; x_wconf 91' lang='lat' dir='ltr'><strong>(ed.</strong></span> <span class='ocrx_word' id='word_1_355' title='bbox 2163 4353 2504 4417; x_wconf 69' lang='lat' dir='ltr'><strong>Slierenim):</strong></span> <span class='ocrx_word' id='word_1_356' title='bbox 2553 4349 2642 4410; x_wconf 69' lang='lat' dir='ltr'><strong>“oc</strong></span> <span class='ocrx_word' id='word_1_357' title='bbox 2686 4350 2819 4416; x_wconf 74' lang='lat' dir='ltr'><strong>(Ta-</strong></span> 
     </span>
     <span class='ocr_line' id='line_1_41' title="bbox 2366 4455 2401 4508; baseline 0 0"><span class='ocrx_word' id='word_1_358' title='bbox 2366 4455 2401 4508; x_wconf 78' lang='lat'>4</span> 
     </span>
    </p>
   </div>
  </div>
 </body>
</html>
