3264 5076
1444 402 1749 502 „EQ—

429 625 931 710 apostolicarum
977 631 1041 690 et
1091 625 1495 707 evangelium
1551 626 1878 710 quoddam
1924 627 2061 692 sive
2107 626 2548 692 collectionem
2594 627 2746 691 scri-

430 718 729 829 ptiouum·
774 744 1293 826 evangelicarum
1349 745 1602 830 scriptis
1660 747 1913 812 Veteris
1974 746 2376 812 Testamenti
2434 745 2746 829 aequipa-

433 885 598 930 rare.
685 864 1079 948 Scriptiones
1132 864 1285 930 illae
1333 866 1789 949 evangelicae,
1843 866 2080 951 quippe
2128 885 2293 949 quae
2338 867 2499 932 Jesu
2543 865 2741 931 vitam

435 989 585 1049 ante
651 984 868 1049 oculos
932 990 1203 1068 ponant,
1275 1005 1533 1051 carnem
1598 985 1838 1051 Christi
1899 986 1939 1049 i.
1985 1005 2041 1050 e.
2094 985 2533 1070 praesentiam
2602 984 2742 1068 ejus

437 1103 733 1169 continuo
772 1102 1118 1185 visibilem,
1167 1104 1408 1189 scripta
1444 1125 1598 1170 vero
1646 1105 2007 1189 apostolica
2057 1105 2243 1186 quasi
2297 1103 2505 1170 adhuc
2555 1124 2740 1189 prae-

435 1242 587 1288 sens
632 1224 1071 1308 apostolorum
1118 1224 1584 1309 presbyterium
1629 1225 1884 1307 Ignatio
1929 1204 2433 1309 repraesentant.
2509 1225 2735 1290 Utrum

435 1348 644 1408 autem
675 1342 894 1407 omnia
939 1335 1432 1427 ὁμολογούμενα
1461 1344 1729 1429 noverit,
1774 1341 2115 1428 dijudicari
2143 1343 2382 1425 nequit.
2457 1341 2738 1408 Adhibet

432 1450 571 1528 sine
619 1460 812 1527 dubio
849 1461 1259 1553 evangelium
1290 1461 1668 1547 Matthaei¹‚
1701 1464 1950 1528 Lucae2
1989 1469 2054 1529 et
2081 1462 2410 1527 Joannis.3
2483 1462 2740 1546 Episto-

427 1580 559 1644 lam
590 1581 778 1645 Pauli
825 1579 911 1646 ad
957 1579 1276 1666 Ephesios
1322 1582 1382 1647 ei
1434 1583 1721 1665 ignotam
1770 1602 1952 1665 esse,
2001 1603 2037 1647 e
2086 1603 2227 1666 cap.
2258 1583 2400 1646 XII.
2449 1586 2736 1659 epistolae

435 1705 520 1763 ad
559 1704 709 1779 Eplz.
742 1701 1036 1766 concludi
1081 1701 1353 1783 nequit.4
1766 1702 1772 1710 '

602 1821 1203 1906 Interpretationem
1248 1827 1530 1886 nostram
1578 1822 1702 1887 loci
1745 1821 2071 1904 Ignatiani
2116 1821 2521 1887 confirmaret
2562 1821 2742 1886 locus

435 1939 692 2022 quidam
756 1945 1064 2019 Epistolae
1118 1945 1204 2002 ad
1255 1945 1647 2019 Bioynetum,
1714 1941 1769 2007 si
1830 1946 2138 2005 Moehlero
2194 1945 2258 2006 et
2311 1945 2579 2025 Hefeli0‚
2636 1940 2744 2021 qui

437 2078 577 2124 eam
625 2059 897 2144 Trajani
941 2064 1158 2125 aetate
1204 2061 1631 2145 conscriptam
1678 2080 1823 2127 esse
1870 2065 2168 2143 censent,
2214 2060 2564 2126 contradici
2607 2080 2740 2125 non

434 2184 673 2262 posset.
726 2179 1032 2262 Legimus
1063 2180 1233 2243 enim
1264 2199 1317 2243 c.
1341 2181 1437 2244 XI
1469 2178 1574 2263 (Τ.
1607 2182 1670 2244 11
1708 2201 1972 2265 operum
2002 2179 2240 2245 Justini
2262 2202 2325 2265 p.
2350 2178 2537 2263 502):
2571 2175 2742 2244 Εἶτα

438 2294 640 2378 φόβος
692 2293 901 2383 νόμου
957 2292 1206 2386 ᾅδεται,
1266 2300 1377 2364 καὶ
1429 2301 1862 2384 προφητῶν
1915 2295 2101 2383 χάρις
2150 2293 2562 2382 γινώσκεται,
2628 2299 2740 2363 καὶ

436 2411 906 2503 εὐαγγελίων
938 2419 1153 2495 πίστις
1184 2417 1436 2502 ἵδρυται
1480 2421 1592 2484 καὶ
1636 2412 2100 2484 ἀποστόλων
2141 2412 2576 2501 παράδοσις
2620 2440 2740 2500 φυ-

436 2533 734 2604 λάσσεται
777 2540 888 2604 καὶ
931 2535 1275 2623 ἐκκλησίας
1316 2533 1500 2622 χάρις
1544 2541 1789 2624 σκιρτᾷ.
1867 2540 2036 2605 Nam
2081 2538 2207 2603 hoc
2247 2537 2390 2602 loco
2420 2536 2735 2622 pluralem

433 2652 770 2743 εὐαγγέλια
835 2658 918 2724 de
986 2658 1236 2743 scriptis
1293 2658 1655 2742 evangeliis
1716 2658 1990 2741 intelligi
2056 2663 2350 2744 oportere
2415 2658 2553 2723 sole
2608 2659 2735 2722 cla-

433 2777 560 2844 rius
597 2789 715 2844 est.

603 2899 923 2983 Ignatium
970 2898 1254 2984 excipiat
1298 2900 1727 2983 polycarpus.5
1809 2898 1965 2982 Ejus
2012 2896 2290 2982 epistola
2332 2898 2484 2963 licet
2528 2896 2741 2963 brevis

573 3156 593 3195 1
641 3153 746 3208 Cfr.
786 3154 1310 3224 Hilqenfeldum,
1362 3153 1886 3223 Die'apostolischen
1936 3154 2099 3207 Vdeer.
2163 3170 2214 3220 p.
2242 3153 2343 3204 280
2377 3167 2454 3220 sq.
2517 3154 2742 3207 Schol-

433 3244 665 3294 tenium
698 3240 732 3293 l.
760 3255 804 3293 c,
841 3257 893 3307 p.
918 3243 1001 3293 52.
2409 3283 2413 3285 Ἴ

571 3327 594 3364 2
649 3330 736 3380 Ad
759 3326 961 3395 Smyrn.
1001 3341 1045 3378 e.
1070 3326 1148 3377 111
1177 3324 1270 3379 cfr.
1296 3325 1428 3378 Luc.
1446 3325 1644 3391 XXIV,
1674 3327 1739 3378 36
1765 3340 1842 3392 sq.
1894 3324 2363 3393 Hilqenfeldus
2398 3323 2454 3388 (l.
2475 3333 2518 3377 c.
2546 3324 2736 3391 p.281)

438 3409 510 3462 ibi
537 3410 868 3478 evangelium
892 3410 1295 3464 Nazaraeorum
1321 3408 1436 3473 (cfr.
1460 3412 1936 3479 Hieronymum,
1969 3410 2051 3462 De
2074 3412 2165 3462 vir.
2190 3412 2379 3463 illustr.
2418 3424 2461 3461 c.
2476 3408 2626 3473 XVI)
2653 3409 2739 3462 vel

434 3496 764 3564 evangelium
789 3495 937 3549 Petri
962 3494 1185 3563 allegari
1209 3499 1380 3564 putat.
1418 3496 1835 3549 Scholtenius
1860 3495 1915 3559 (l.
1930 3510 1972 3548 c.
1999 3512 2052 3563 p.
2074 3495 2163 3559 53)
2192 3484 2527 3562 evangelium
2551 3493 2734 3548 Lucae

430 3596 533 3635 non
569 3580 820 3635 excludit.

565 3667 591 3708 3
636 3670 720 3721 Ad
749 3669 897 3721 Rom.
925 3684 969 3721 c.
982 3667 1088 3721 VII
1114 3666 1206 3721 cfr.
1231 3665 1492 3732 Joan.VI,
1520 3668 1580 3719 51
1612 3680 1692 3733 sq.
1739 3670 1824 3720 Ad
1849 3668 2058 3720 th'lacl.
2086 3681 2129 3718 c.
2147 3666 2253 3718 VII
2279 3664 2372 3719 cfr.
2397 3664 2554 3720 Joan.
2573 3665 2672 3732 111,
2688 3668 2738 3720 8.

435 3753 904 3823 Hilyenfeldus
946 3758 1107 3805 antea
1144 3753 1268 3814 (Die
1304 3755 1682 3821 apostolischen
1730 3753 1880 3805 ther
1913 3768 1967 3820 p.
1994 3752 2094 3803 279
2130 3757 2269 3818 sqq.)
2319 3750 2561 3818 negavit,
2599 3737 2766 3805 nunc=

430 3839 561 3902 (Der
594 3839 788 3892 Kanon
811 3842 919 3891 und
954 3841 1037 3892 elie
1062 3838 1241 3892 Kricilc
1274 3841 1365 3891 des
1400 3856 1560 3891 neuen
1607 3840 1926 3891 Testaments
1957 3852 2009 3903 p.
2037 3839 2125 3899 31)
2166 3835 2441 3902 concedit,
2482 3836 2737 3904 epistolas

428 3922 733 3989 Ignatianas
767 3922 1043 3976 recordari
1085 3922 1345 3991 evangelii
1380 3921 1626 3977 Joannei.

564 4009 588 4050 4
635 4007 742 4064 Cfr.
778 4010 1179 4064 Dresselium
1216 4014 1272 4061 et
1306 4010 1648 4078 Hefelittm
1683 4005 1754 4060 ad
1787 4006 1840 4061 h.
1866 4006 1900 4060 l.

563 4099 588 4136 5
640 4094 938 4148 Anthentia
986 4093 1248 4163 epistolae
1285 4093 1573 4168 Polycarpi
1615 4092 1924 4147 testimonio
1970 4092 2184 4147 Irenaei
2230 4099 2285 4147 et
2330 4091 2555 4146 Eusebii
2606 4090 2740 4156 (cfr.

433 4182 695 4250 Hefeliu
710 4199 761 4233 m
793 4178 830 4231 1.
857 4195 899 4234 c.
932 4196 985 4248 p.
1011 4179 1318 4243 LXXVIII)
1361 4178 1722 4247 confirmatur,
1752 4178 1831 4231 ita
1852 4184 1913 4230 ut
1934 4179 2021 4232 vel
2058 4181 2442 4234 Volkmarus
2476 4179 2608 4242 (Der
2644 4177 2740 4230 Ur-

429 4284 618 4337 sprunq
660 4283 844 4319 umrer
879 4266 1195 4335 Evanyelien
1237 4282 1291 4334 p.
1321 4267 1389 4318 43
1423 4270 1561 4333 sqq.)
1602 4269 1660 4318 et
1692 4266 2108 4318 Scholtenius
2144 4264 2200 4329 (l.
2226 4281 2271 4318 e.
2307 4281 2361 4333 p.
2387 4266 2451 4315 41
2481 4268 2621 4330 sqq.)
2655 4261 2735 4340 'de

434 4367 497 4405 ea
543 4351 790 4406 dubitare
836 4366 945 4403 non
992 4349 1251 4405 audeant.
1323 4348 1432 4404 Sed
1476 4349 1840 4418 integritatem
1884 4348 2003 4416 ejus
2037 4351 2404 4405 Bitschlius
2448 4348 2574 4413 (Die
2608 4348 2740 4401 Ent-

2295 4454 2327 4506 5
