3264 5076
1446 431 1749 533 „roffi

441 655 884 725 Alexandrina
940 657 1131 723 etiam
1176 658 1375 724 libros
1422 656 1831 744 apocryphos
1886 654 2207 741 receperit
2262 660 2327 720 et
2370 651 2748 719 ‚Iudaismus

439 798 703 862 graecus
748 756 947 847 libros
994 777 1401 863 apocryphos
1449 799 1490 842 a
1534 777 1859 842 canonicis
1905 795 2231 858 nunquam
2275 773 2493 838 stricte
2525 772 2746 838 distin-

439 899 627 982 xerit3
674 896 792 962 sed
836 895 987 962 inde
1030 917 1162 961 non
1207 897 1511 980 sequitur,
1560 897 1802 981 scripta
1847 893 2239 981 apocrypha,
2283 890 2518 960 nedum
2550 911 2741 974 quae-

433 1019 603 1103 piam
651 1017 983 1103 gentilium
1029 1016 1269 1102 scripta
1313 1016 1541 1083 eodem
1588 1037 1714 1099 quo
1774 1015 2086 1082 canonica
2132 1013 2374 1079 honore
2411 1013 2495 1077 ab
2524 1011 2739 1079 Helle-

433 1139 614 1203 nistis
669 1138 870 1220 digna
924 1135 1147 1202 habita
1203 1156 1369 1202 esse.
1470 1137 1641 1202 Nam
1703 1134 1963 1220 probari
2025 1134 2274 1217 nequit,
2337 1132 2536 1199 libros
2590 1132 2738 1199 illos

430 1256 868 1344 apocryphoS,
925 1276 1312 1339 quamquam
1360 1261 1428 1321 ut
1474 1256 1755 1338 genuina
1798 1253 2032 1319 mentis
2076 1252 2478 1319 Israeliticac
2524 1273 2739 1318 monu-

428 1383 648 1444 menta
698 1378 767 1442 in
821 1376 1103 1442 codicem
1148 1381 1472 1460 receptoS,
1526 1396 1810 1457 unquam
1862 1376 1929 1439 in
1974 1374 2214 1457 templo
2262 1372 2471 1440 Oniae
2516 1373 2618 1440 vel
2667 1373 2735 1438 in

431 1516 773 1584 synagoga
816 1493 1265 1561 Alexandrina
1320 1496 1565 1579 pariter
1625 1516 1704 1560 ac
1758 1496 2102 1562 canonicos
2162 1493 2455 1580 praelegi
2512 1494 2736 1560 solitos

431 1617 649 1682 fuisse.
744 1618 989 1697 Magna
1043 1621 1323 1681 ceterum
1375 1616 1617 1680 veritas
1676 1616 1770 1680 illi
1823 1615 2322 1682 Hellenistarum
2370 1613 2735 1681 sententiae

422 1737 620 1820 inest3
668 1755 819 1800 nam
863 1734 1198 1819 inspiratio
1249 1741 1573 1800 auctorum
1615 1741 2000 1818 sanctorum,
2048 1756 2215 1820 quae
2247 1733 2334 1799 ad
2357 1754 2736 1819 processum

421 1855 839 1923 revelationis
884 1855 1187 1940 pertinet,
1242 1855 1299 1919 si
1341 1853 1800 1939 psychologice
1846 1875 1990 1921 eam
2047 1852 2592 1939 consideraveris,
2648 1839 2764 1920 ab*

424 1975 827 2060 experientia
886 1974 1166 2041 omnium
1216 1973 1498 2040 fidelium
1555 1974 1872 2059 spirituali
1926 1995 2055 2039 non
2108 1972 2457 2040 secundum
2504 1994 2730 2057 genus,

418 2093 539 2160 sed
615 2092 964 2159 secundum
1043 2095 1325 2179 speciem
1407 2098 1657 2159 tantum
1734 2091 1994 2160 diversa
2061 2099 2175 2159 est.
2289 2092 2457 2171 Quin
2530 2094 2727 2159 etiam

423 2215 761 2299 permagni
814 2214 1120 2280 momenti
1175 2212 1260 2279 ad
1315 2213 1651 2279 historiam
1705 2235 1837 2279 non
1890 2213 2095 2278 solum
2150 2212 2551 2297 dogmatum,
2611 2213 2772 2280 sed·

376 2314 383 2323 ⁹
424 2333 836 2401 revelationis
869 2333 1071 2418 ipsius
1102 2334 1215 2398 illa
1245 2331 1567 2399 ‚Iudaismi
1613 2333 1831 2416 graeci
1866 2333 2082 2418 opinio
2112 2338 2228 2416 est,
2275 2334 2576 2416 quoniam
2609 2354 2726 2419 pro

424 2472 542 2518 sua
595 2458 780 2537 parte
834 2454 1395 2520 universalismum
1459 2452 1787 2536 religionis
1860 2451 2245 2518 christianae
2309 2453 2729 2538 praepa-ravit

423 2574 607 2657 eique
636 2575 823 2654 ‚viam
878 2574 1144 2659 aperuit.
1231 2576 1307 2639 In
1354 2594 1432 2640 eo
1481 2579 1694 2640 autem
1742 2593 2018 2639 errorem
2075 2574 2213 2658 ejus
2257 2574 2534 2659 positum
2581 2594 2731 2640 esse

428 2713 794 2777 censemus,
854 2693 1023 2778 quod
1076 2694 1512 2779 inspirationis
1568 2692 1805 2759 donum
1862 2692 2030 2759 ultra
2091 2692 2252 2759 fines
2306 2693 2726 2760 revelationis

430 2812 718 2878 extendit
762 2819 827 2878 et
877 2812 945 2878 id
1002 2814 1171 2898 quod
1228 2812 1313 2915 ad
1365 2814 1492 2879 vim
1550 2814 1808 2878 animae
1880 2812 2389 2898 divinatoriam1,
2443 2812 2727 2880 indolem

424 2934 800 3017 naturalem,
843 2934 1192 3018 ingenium,
1236 2934 1605 2999 facultatem
1637 2934 2103 3019 speculativam
2146 2934 2426 3019 pertinet
2463 2932 2554 3026 *ad
2586 2954 2728 3018 spe-

427 3053 651 3119 cialem
697 3053 823 3119 Dei
869 3053 1133 3138 ejusque
1180 3054 1431 3138 gratiae
1477 3054 1827 3121 efficaciam
1875 3053 2105 3119 retulit.

592 3175 942 3257 Postquam
990 3172 1141 3256 quid
1178 3172 1361 3239 Philo
1408 3179 1474 3239 et
1501 3172 1824 3258 Joscphus
1856 3172 1938 3239 de
1970 3172 2392 3258 inspiratione
2427 3173 2728 3239 librorum

424 3311 744 3357 sacrorum
792 3293 1114 3358 senserint
1157 3292 1714 3378 investigavimUS,
1761 3292 2026 3359 inventa
2070 3294 2532 3378 perlustrantes
2565 3293 2732 3362 haec

417 3413 777 3496 statuimus:

594 3555 647 3612 1.
694 3548 1040 3633 Inspiratio
1088 3569 1124 3614 e
1169 3548 1456 3617 Philonis
1503 3555 1568 3614 et
1609 3548 1880 3635 Josephi
1928 3551 2250 3616 sententia
2297 3558 2397 3616 est
2435 3549 2728 3629 ἔκστασις

419 3675 481 3735 et
520 3670 735 3753 μανία.

583 3801 642 3863 2.
687 3797 837 3862 Alia
878 3797 1319 3883 inspirationis
1365 3799 1571 3863 forma
1613 3799 1682 3864 in
1728 3798 1981 3884 scriptis
2029 3820 2248 3867 eorum
2286 3820 2417 3865 non
2453 3821 2724 3867 comme-

416 3923 708 3982 moratur.

584 4048 641 4110 3.
687 4046 919 4110 Etiam·
951 4046 1119 4112 actui
1166 4046 1491 4114 scribendi
1538 4047 2029 4133 inspirationem
2075 4049 2252 4114 illam
2302 4021 2656 4136 assignant.

553 4303 569 4343 ¹
630 4301 736 4357 Cfr.
770 4304 1106 4358 Ernestum
1142 4309 1213 4359 cle
1249 4305 1568 4369 Lasaulx,
1615 4307 1720 4359 Die
1757 4311 2120 4378 prophetische
2155 4308 2319 4376 quft
2361 4313 2454 4363 der
2497 4314 2724 4365 mensch-

417 4388 577 4446 lichen
611 4391 750 4445 δαῖε
787 4391 838 4446 in
881 4390 1128 4446 Dichter-n
1162 4395 1270 4448 und
1307 4390 1567 4446 Denkcrn.
1625 4394 1770 4448 1858.

2238 4497 2267 4550 2
