3264 5076
1484 427 1565 499 15

362 651 747 717 sacerrimus
803 651 966 718 liber
1021 650 1534 718 aestimabamr.¹
1642 651 1857 717 Moses
1903 649 2348 717 sanctissimus
2392 650 2673 734 (Μωσῆς

360 762 398 835 ὁ
456 765 832 854 ἱερώτατος)
898 778 964 837 et
1020 791 1062 836 a
1125 773 1270 837 Deo
1348 768 1804 838 dilectissimus
1877 768 2483 851 (ιῑιὶεοφιλέστατος)2
2557 772 2676 850 cst,

363 888 550 955 sicuti
577 894 751 955 Philo
780 888 954 974 dicit,
1000 882 1527 976 α’ρχιπροφήτης3
1568 896 1634 955 et
1663 889 1986 976 mysteriis
2017 886 2250 953 divinis
2279 906 2438 971 prae
2471 884 2668 952 omni-

362 1009 483 1074 bus
536 1008 860 1074 initiatus⁴
934 1015 999 1075 et
1042 1008 1421 1094 purissimus
1489 1009 1767 1094 animus,
1825 1027 1977 1074 vere
2035 1025 2411 1090 generosus,
2465 1005 2574 1089 qui
2630 1025 2669 1071 e

362 1127 639 1193 numinis
693 1126 912 1194 afflatu
955 1129 1166 1194 furore
1215 1135 1544 1213 correptus
1590 1127 2056 1212 legislatoriam
2105 1146 2184 1191 ac
2227 1123 2673 1211 propheticam

360 1246 731 1314 facultatem
775 1247 1051 1333 adeptus
1097 1252 1252 1314 est.⁵
1349 1247 1504 1313 Loci
1558 1268 1596 1314 c
1641 1246 2082 1314 Pentateucho
2136 1245 2405 1312 desumti
2464 1245 2548 1310 ab
2594 1263 2678 1311 eo

360 1365 704 1432 laudantur
754 1367 969 1434 verbis
1015 1364 1183 1433 κατὰ
1225 1364 1305 1433 τὸ
1349 1364 1713 1451 ἱερώτατον
1756 1366 2061 1443 Μωσέως
2088 1362 2349 1451 γράμμα
2382 1372 2447 1432 et
2477 1384 2671 1448 quae-

365 1505 608 1567 cunque
665 1486 881 1553 Moses
936 1488 1192 1573 scripsit
1243 1487 1510 1553 oracula
1560 1487 2028 1553 nominantur.⁰
2134 1487 2209 1550 In
2254 1484 2486 1551 eadem
2532 1504 2676 1550 sen-

363 1605 564 1671 tentia
614 1605 731 1671 fuit
780 1607 1133 1686 Josephm.⁷
1235 1606 1400 1672 Hinc
1451 1606 1848 1673 Hellenistas
1898 1625 2155 1689 quoque
2213 1611 2415 1671 totam
2460 1605 2674 1686 legem

362 1744 445 1797 ne
489 1745 617 1790 uno
662 1723 919 1807 quidem
966 1745 1156 1792 versu
1201 1732 1472 1811 excepto
1518 1726 1602 1791 ab
1647 1724 1770 1791 hoc
1808 1724 2090 1791 maximo
2118 1723 2440 1810 propheta
2475 1722 2676 1789 literis

362 1843 808 1927 consignatam
860 1843 1269 1911 existimasse
1307 1844 1655 1911 verisimile
1700 1849 1827 1929 est,
1872 1850 1937 1909 et
1984 1863 2216 1910 revera
2262 1841 2673 1928 quemadmo-

365 1959 513 2027 dum
544 1961 822 2028 Talmud
853 1964 948 2031 sic
977 1968 1044 2029 et
1076 1962 1302 2029 ΡΙιίΙο8
1341 1969 1406 2031 et
1429 1962 1794 2050 Josephus⁹
1831 1984 1932 2049 ea,
1957 1983 2125 2047 quac
2155 1965 2346 2029 Dent.
2370 1960 2673 2045 XXXIV,

498 2219 519 2259 ¹
577 2218 685 2274 Csr.
723 2221 828 2273 Sir.
862 2219 1060 2281 XXIV,
1101 2221 1346 2284 18-27,
1398 2219 1491 2273 ubi
1535 2220 1717 2289 βίβλος
1765 2215 2041 2289 διαθήκης
2091 2220 2226 2271 θεοῦ
2280 2214 2516 2282 ὑψίστου
2562 2214 2676 2270 sivo

364 2297 555 2374 νόμος,
593 2301 660 2357 ὃν
696 2300 999 2358 ἐνετείλατο
1034 2304 1287 2375 ΛῙωῖσῆς
1321 2305 1700 2376 κληρονομίαν
1735 2307 2089 2375 συναγωγαῖς
2124 2298 2315 2371 Ἰακώβ
2350 2300 2679 2355 describitur

367 2392 639 2456 tamquam
676 2388 796 2443 fons
834 2388 1111 2444 exundans
1147 2391 1318 2444 omnis
1356 2389 1674 2458 cognitionis
1714 2397 1767 2443 et
1801 2388 2118 2458 sapientiae.

496 2483 519 2522 ²
562 2483 644 2536 De
670 2485 810 2538 Mox.
833 2483 931 2538 111.
966 2483 1028 2540 T.
1053 2483 1124 2552 11,
1162 2500 1214 2553 p.
1239 2485 1362 2538 164:
1403 2484 1622 2555 Μωσῆς
1659 2478 1951 2544 ὁσιώτατος
1983 2483 2079 2536 3ιαί
2105 2479 2541 2553 θεοφιλέστατος
2563 2481 2677 2533 τῶν

363 2563 586 2621 πώποτε
619 2569 959 2642 γενομένων.

496 2654 522 2696 3
568 2656 650 2710 De
683 2676 816 2711 nom.
846 2659 1138 2711 mutatione.
1192 2655 1254 2710 T.
1278 2655 1320 2722 I,
1358 2672 1411 2724 p.
1437 2659 1552 2711 597.

500 2741 523 2780 ⁴
568 2740 649 2794 De
675 2742 806 2810 opis.
832 2745 1026 2797 mundi.
1088 2741 1149 2796 T.
1176 2737 1218 2808 I,
1255 2758 1310 2811 p.
1336 2742 1393 2792 2:
1429 2740 1647 2811 Μωσῆς
1684 2740 1778 2794 καὶ
1814 2740 2158 2812 φιλοσοφίας
2196 2734 2284 2792 ἐπ’
2323 2736 2492 2808 αὐτὴν
2517 2734 2667 2807 ‹paci-

370 2841 469 2882 σας
508 2820 778 2895 ἀκρότητα
824 2826 918 2878 καὶ
962 2830 1232 2898 χρησμοῖς
1268 2821 1333 2879 τὰ
1369 2823 1543 2879 πολλὰ
1575 2827 1671 2879 καὶ
1706 2821 2138 2879 σινεκτικώτατα
2177 2828 2286 2878 τῶν
2318 2825 2410 2894 τῆς
2449 2822 2671 2893 φύσεως

369 2904 792 2981 ἇναδιδαχθείς.

499 3000 523 3038 5
569 2997 652 3050 De
682 2996 968 3068 Conqresxu
1001 3003 1322 3068 quaerendae
1353 2999 1659 3052 eruditionis
1692 3000 1883 3067 qratia.
1936 2996 1999 3050 T.
2025 2996 2066 3063 1,
2103 3013 2157 3066 p.
2182 2999 2309 3050 538:
2352 2986 2517 3053 Οὗτός
2551 2989 2669 3047 ἐστι

361 3080 633 3152 ᾹΙωῦσῆς,
680 3079 710 3134 ὃ
748 3078 1142 3151 καθαρώτατος
1176 3086 1326 3147 νοῦς,
1367 3078 1395 3134 ὅ
1440 3078 1656 3140 ἀστεῖος
1695 3080 1891 3147 ὄντως,
1930 3078 1958 3134 ὅ
1993 3079 2366 3154 νομοθετικὴν
2401 3079 2535 3153 όμοῦ
2570 3081 2665 3132 καὶ

363 3162 713 3238 προφητικὴν
750 3162 884 3238 όμοῦ
920 3162 1269 3240 ἐνθουσιώσῃ
1302 3169 1398 3221 καὶ
1433 3162 1766 3241 θεοφορήτῳ
1803 3169 1981 3238 σοφίᾳ
2020 3160 2215 3235 λαβών.

488 3254 515 3295 θ
557 3255 640 3308 De
665 3256 805 3307 Mos.
831 3251 927 3307 111.
964 3252 1026 3308 Τ.
1054 3252 1122 3319 11,
1158 3271 1212 3322 p.
1243 3255 1364 3306 163:
1401 3250 1501 3306 οὐκ
1535 3251 1736 3323 ἀγνοῶ,
1776 3250 1848 3311 ὥς
1881 3247 2065 3307 πάντα
2102 3252 2213 3307 εἰσί
2249 3254 2489 3326 χρησμοὶ
2510 3291 2523 3315 ,
2563 3250 2668 3306 ὅσα

362 3332 425 3390 ἐν
459 3344 577 3397 ταῖς
614 3339 793 3409 ἱεραῖς
826 3339 1033 3408 βίβλοις
1070 3333 1517 3409 ἀναγέγραπται,
1554 3338 1901 3409 χρησθέντες
1936 3337 2008 3391 δι’
2047 3336 2224 3392 αὐτοῦ.

498 3423 520 3463 7
569 3422 675 3478 Cfr.
702 3425 1325 3479 Bretschneiclerum
1358 3423 1393 3480 l.
1420 3440 1465 3478 c,
1503 3427 1534 3490 ξ
1559 3426 1608 3478 4.
2673 3459 2677 3463 -

494 3509 520 3549 8
565 3510 646 3563 De
682 3510 820 3564 Mos.
847 3508 943 3562 ΙΙΙ.
988 3508 1050 3563 Τ.
1078 3509 1156 3576 11,
1203 3527 1257 3579 p.
1287 3511 1412 3563 179:
1468 3508 1608 3579 Ἤδη
1657 3504 2183 3582 ιέναλαμβανόμενος
2226 3511 2321 3564 καὶ
2370 3505 2457 3562 ἐπ’
2505 3506 2673 3579 αὐτῇς

357 3588 841 3666 βαλβῖδοςιὲστώς,
890 3590 984 3645 ἵνα
1022 3588 1115 3647 τὸν
1149 3593 1230 3652 εἰς
1266 3591 1508 3663 οὐρανὸν
1544 3590 1756 3667 δρόμον
1793 3591 1994 3668 διανύῃ
2033 3589 2416 3667 διϊπτάμενος,
2460 3615 2674 3651 κατα-

362 3680 748 3736 πνευσθεὶς
791 3679 905 3732 καὶ
955 3673 1372 3737 ἐπιθειάσας
1420 3682 1550 3742 ζῶν
1586 3678 1685 3733 ἔτι
1729 3677 1804 3733 τὰ
1854 3678 1933 3738 ὥς
1974 3675 2087 3733 ἐπὶ
2124 3676 2420 3734 θανόντι
2456 3680 2669 3759 ἐαυτῷ

359 3761 792 3836 προφητεύει
826 3760 1121 3826 δεξιῶς,
1179 3761 1262 3821 ὥς
1318 3759 1723 3836 ἐτελεύτησε
1783 3762 2023 3838 μήπως
2085 3762 2530 3835 τελευτήσας,
2592 3766 2674 3829 ὥς

358 3844 576 3920 ἐτάφη
621 3845 920 3921 μηδενὸς
969 3844 1329 3920 παρόντος,
1375 3850 1630 3920 δηλονότι
1668 3852 1869 3921 χερσὶν
1905 3848 1968 3903 οὗ
2005 3855 2264 3921 θνηταῖς,
2304 3847 2419 3906 ἀλλ’
2459 3849 2673 3908 ἀθανά-

364 3953 478 3994 τοις
514 3930 820 4007 δυνᾶμεσιν
852 3934 961 3989 κτλ.

494 4031 518 4068 9
566 4031 772 4098 Antiqq.
798 4028 890 4096 1V,
918 4030 968 4094 8,
995 4030 1079 4084 48.
1124 4029 1186 4084 Τ.
1212 4029 1256 4097 1,
1293 4047 1344 4099 1).
1371 4032 1497 4083 255:
1546 4026 1939 4102 ἀσπασομένου
1975 4028 2037 4084 δὲ
2074 4031 2167 4084 καὶ
2203 4028 2303 4084 τὸν
2337 4027 2674 4104 Ἐλεάζαρον

361 4109 523 4167 αι’·τοῦ
567 4113 663 4165 καὶ
710 4110 924 4183 Ἰησοῒν
956 4113 1050 4166 καὶ
1093 4115 1539 4187 προσομιλῶντος
1587 4111 1770 4173 αι’·τοῖς
1807 4112 1914 4179 ἔτι,
1954 4115 2158 4185 νέφους
2196 4115 2492 4187 αἰφνίδιον
2528 4116 2673 4192 ὑπὲρ

360 4195 519 4251 αὐτοῦ
554 4193 785 4257 στάντος
819 4194 1152 4269 ἀφανίζεται
1184 4196 1322 4254 κατά
1348 4220 1496 4260 τινος
1529 4197 1854 4271 φάραγγος·
1890 4200 2208 4274 γέγραφε
2245 4199 2318 4256 δὲ
2356 4197 2556 4257 αὐτὸν
2593 4199 2673 4259 ἕν

358 4287 507 4340 ταῖς
558 4282 784 4352 ἱεραῖς
825 4282 1084 4351 βίβλοις
1128 4287 1507 4348 τεθνεῶτα,
1555 4283 1747 4344 δείσας
1791 4282 1869 4357 μὴ
1921 4286 1995 4340 δι’
2048 4283 2354 4358 ἷ-περβολὴν
2398 4292 2494 4360 τῆς
2538 4291 2672 4359 περὶ

358 4365 527 4430 αὐτὸν
562 4362 757 4450 ἀρετῆς
789 4362 932 4451 πρὸς
964 4365 1023 4434 τὸ
1058 4374 1221 4437 θεῖον
1255 4366 1424 4425 αὐτὸν
1458 4368 1822 4442 ἀναχωρῆσαι
1859 4368 2208 4463 τολμησωσιν
2243 4370 2442 4452 εἰπεῖνἱ
